3392 4959
694 488 845 558 -55

305 704 469 790 expositas
492 712 669 768 constratas
692 726 762 767 esse
783 714 919 790 putaret.
962 701 1041 785 Sed,
1065 702 1152 787 quod
1174 715 1270 790 caput
1293 716 1349 787 cst,

240 818 246 827 “
303 826 370 867 non
392 826 430 867 eo
454 803 584 867 consilio
608 802 731 866 arboris
755 824 864 867 casum
887 802 1040 866 describit
1060 813 1165 887 poeta,
1188 813 1230 887 ut,
1253 827 1349 890 quan·
1399 787 1412 848 3

304 913 372 966 tum
395 902 503 965 damni
523 902 576 965 ille
598 902 688 985 ferat,
709 902 893 987 patefaciat,
916 900 1002 987 quod
1023 903 1057 964 in
1078 912 1262 966 transcursu
1282 913 1350 966 tan-

305 1002 467 1065 tummodo
496 1001 614 1085 tangit,
645 1000 704 1064 sed
729 999 800 1063 hoc·
818 1002 1018 1086 potissimum
1045 1002 1124 1084 agit,
1152 1012 1185 1065 ut
1211 1024 1349 1086 magnae

304 1099 429 1164 arboris
456 1121 592 1184 gravem
619 1121 727 1162 casum
755 1120 827 1162 cum
854 1100 1028 1162 Minotauri
1052 1108 1184 1184 propter
1207 1102 1349 1186 corporis

304 1201 468 1284 ingentem
489 1197 747 1282 magnitudinem
770 1209 942 1282 comparet.
973 1198 1078 1276 Quam
1099 1201 1289 1263 sententiam
1304 1199 1349 1262 fa-

306 1297 421 1361 cillime
447 1319 667 1383 assequemur,
695 1297 722 1359 si
749 1318 807 1380 pro
835 1320 897 1380 qua
924 1296 1071 1360 codicum
1096 1319 1152 1380 que
1174 1320 1348 1362 servamus,

304 1395 412 1481 Igitur
432 1418 567 1462 versum
589 1397 636 1459 sic
658 1394 849 1459 scribamus:
1267 1460 1269 1463 ,

452 1495 559 1558 Proua
581 1494 666 1558 cadit
687 1490 812 1578 lateque
826 1508 872 1557 cst
892 1496 1022 1579 trapetas
1043 1495 1132 1557 odvia
1139 1496 1306 1581 fraupeus.

304 1594 418 1679 Itaque
449 1593 513 1657 late
545 1594 683 1680 patentis
710 1594 846 1678 impetus
874 1594 1048 1677 imaginem
1074 1616 1134 1657 nos
1163 1616 1351 1680 expressam

306 1715 376 1757 esse
397 1703 545 1778 putamus
568 1693 732 1755 enuntiato
754 1692 937 1777 principali,
967 1692 1195 1755 Lachmannus
1218 1702 1249 1756 et
1269 1694 1351 1755 Her-

305 1814 441 1855 mannus
468 1791 601 1856 relativo
630 1792 650 1855 i.
679 1812 707 1855 e.
737 1790 917 1854 subiuncta
972 1790 1122 1878 Ceterum
1148 1790 1350 1854 Lachmanni

305 1893 437 1955 mutatio
464 1891 627 1955 lenissima
655 1899 716 1974 est3
746 1912 788 1954 ex
814 1903 842 1953 et
868 1890 945 1953 fecit
972 1903 1030 1972 ect3
1059 1913 1126 1953 cum
1152 1891 1218 1953 eius
1245 1902 1351 1954 autem

306 1992 421 2071 partim
441 1991 519 2073 ipsis
541 1989 667 2072 litteris,
694 1990 811 2075 partim
833 2010 943 2052 earum
964 1991 1091 2075 apicum
1113 2000 1144 2054 et
1164 2012 1297 2053 numero
1320 2000 1351 2054 et

306 2086 512 2149 similitudine
534 2099 684 2151 accurate
706 2087 881 2172 respondet
900 2090 975 2151 voci
996 2090 1134 2171 impetus.

679 2317 977 2325 ————-—

679 2328 977 2337 -——---——·

746 2533 858 2629 llll,
883 2534 917 2611 9.

770 2732 884 2747 ......
907 2704 998 2766 quum
1018 2683 1123 2747 multis
1144 2683 1202 2747 itta
1223 2681 1350 2746 dearum
1465 2678 1468 2684 ⁴

305 2779 402 2843 Levia
415 2780 605 2865 protendens
626 2782 754 2845 bruodra
771 2781 914 2866 pollicita
935 2795 988 2845 est.

389 2880 443 2943 Sic
471 2882 613 2964 codices,
644 2883 707 2945 nisi
733 2881 840 2964 fallor,
869 2880 911 2943 ad
932 2904 1030 2944 unum
1052 2902 1171 2944 omnes.
1214 2880 1352 2943 Deorum

304 2979 424 3061 primus
442 2981 568 3064 scripsit
579 2979 780 3064 Calpurnius,
802 2979 921 3042 deinde
939 2978 1094 3062 Scaliger,
1110 2980 1252 3061 Vossius,
1264 2981 1351 3063 Hey-

306 3076 370 3137 sius
393 3075 493 3159 (quod
513 3076 713 3140 Lachmann.
737 3076 780 3139 ad
798 3078 928 3139 Lucret.
945 3098 977 3160 p.
993 3076 1043 3138 66.
1060 3076 1159 3138 scribi
1175 3076 1242 3140 vult
1259 3078 1351 3160 pota·-

304 3174 403 3254 cr'tcst,
425 3194 538 3256 parum
560 3173 595 3236 id
616 3197 702 3237 nunc
724 3174 854 3259 quidem
875 3173 919 3236 ad
940 3174 1193 3258 nostramrem).
1224 3174 1351 3238 Utrum-

306 3292 367 3355 que
382 3293 511 3335 versum
526 3273 667 3356 spurium
682 3272 837 3337 iudicavit
847 3271 1092 3355 Valckenarius,
1106 3274 1193 3336 cuius
1208 3274 1350 3338 rationes

304 3369 482 3434 refutarunt
503 3370 791 3455 Brueggemannus
814 3395 844 3456 p.
863 3372 913 3435 39.
937 3395 1005 3458 sqq.
1028 3382 1060 3435 et
1081 3372 1200 3458 Haupt.
1218 3373 1349 3452 Qiraest.

218 3543 223 3552 ‚
306 3467 377 3532 Cat.
400 3492 431 3553 p.
455 3469 504 3532 80.
527 3469 635 3534 Unum
662 3481 770 3536 tamen
790 3471 1009 3536 Valckenario
1038 3471 1233 3556 concedunt,
1260 3495 1350 3558 repu-

303 3590 407 3651 gnare
429 3578 539 3631 nostro
562 3572 670 3633 versui
692 3570 777 3656 quod
800 3570 882 3635 dixit
902 3582 998 3656 poeta
1020 3596 1050 3635 v.
1073 3572 1123 3633 33.
1147 3581 1178 3634 et
1200 3572 1265 3634 34:

454 3666 556 3750 Atque
577 3668 625 3731 ui
642 3692 687 3730 ure
709 3674 814 3734 cunctis
832 3691 894 3753 pro
916 3670 1005 3732 dulci
1022 3671 1146 3754 couiupc
1168 3667 1249 3732 divis

453 3766 525 3830 Noa
550 3768 616 3830 siue
637 3770 760 3830 tourriac
781 3769 929 3853 saupuritc
946 3769 1090 3851 pollicita
1110 3790 1151 3847 ec,

306 3863 350 3925 ad
360 3886 458 3955 quem
472 3865 593 3929 nodum
609 3866 798 3929 solvendum
814 3888 848 3929 se
863 3888 929 3929 non
943 3864 1072 3949 habere,
1086 3865 1172 3951 quod
1186 3875 1350 3951 tamquam

308 3971 428 4023 certum
455 3964 585 4049 afferat,
613 3965 731 4029 fatetur
751 3964 1050 4049 Brueggemannus.
1093 3965 1243 4029 Eandem
1270 3965 1349 4030 diffi-

307 4058 458 4123 cultatem
484 4063 644 4149 Hauptius
672 4087 709 4128 eo
736 4064 789 4128 vel
816 4063 969 4149 adauget,
997 4064 1084 4149 quod
1109 4066 1251 4151 ineptum
1278 4088 1348 4136 esse
