3392 4959
836 484 870 556 17

329 698 436 763 ludum
461 698 614 763 deaidmo
640 721 718 780 mcc,
746 699 801 763 doc
827 713 888 763 eat:
933 698 1062 777 Qrturtdo
1089 698 1162 763 litet
1182 699 1262 763 milri
1279 699 1379 763 cat'mi

325 800 432 885 pratris
452 799 555 862 secari
571 798 617 881 (ut
637 799 772 862 domimo
793 811 864 863 tuac
885 797 1012 863 credam
1032 821 1065 861 se
1084 797 1244 885 dffuactos
1256 792 1373 880 'dolere

329 897 451 982 quaudo
473 920 506 961 eo
526 898 739 961 intermittcate
761 899 909 979 levaretur,
923 911 1007 983 potu
1026 898 1182 962 interiecto
1204 898 1309 982 alt'qao
1330 899 1374 962 lu·

329 998 427 1080 dicre)
449 999 577 1064 ,meacm
606 1010 702 1061 tecum
728 996 846 1079 ludere,
879 998 959 1061 neat
983 998 1057 1082 ipsa
1076 1019 1214 1082 possem,
1247 1021 1285 1060 oe
1311 1010 1375 1062 tam

328 1098 390 1161 leui
413 1120 522 1183 opera,
555 1109 643 1161 aestu
669 1119 709 1159 oc
736 1095 840 1160 dolore
865 1119 930 1159 awo
957 1095 1093 1183 defuapi.
1143 1097 1251 1181 Negat
1276 1118 1374 1182 porro

328 1196 483 1283 Scaliger,
506 1195 594 1282 quod
613 1197 677 1260 iam
699 1218 740 1259 ex
756 1194 806 1259 his
823 1195 925 1279 videa,
946 1194 1133 1259 desidem
1150 1216 1220 1259 esse
1236 1195 1376 1282 puellam

326 1297 444 1381 ipsam,
472 1315 599 1359 amores
626 1305 757 1380 poetae,
785 1316 867 1380 quae
894 1295 1053 1358 sententia
1079 1292 1132 1358 vel
1159 1316 1197 1359 eo
1224 1296 1375 1378 relicitur,

328 1392 415 1479 quod
434 1395 545 1458 nitenti
562 1393 640 1481 quid
662 1395 716 1477 sit,
741 1405 809 1459 tum
830 1415 1033 1480 nequaquam
1054 1392 1248 1478 intelligitur.
1291 1393 1375 1457 Esse

325 1504 434 1558 autem
465 1493 495 1557 h.
523 1494 543 1558 l.
576 1493 663 1558 idem
690 1492 776 1578 quod
798 1494 962 1578 pulchrae,
985 1494 1163 1579 forawaue,
1192 1503 1242 1557 sat
1267 1492 1374 1556 multis

327 1593 484 1678 exemplis
517 1594 718 1657 confirmavit
749 1594 946 1677 Doeringius
980 1592 1035 1676 (cf.
1069 1590 1166 1656 Ovid.
1185 1592 1269 1675 Met.
1297 1591 1374 1675 XII,

325 1691 399 1755 405.
422 1691 535 1757 Horat.
559 1690 621 1756 Od
645 1692 674 1775 I,
697 1692 726 1775 5,
751 1693 799 1756 13.
822 1691 870 1775 II,
894 1692 942 1776 12,
966 1691 1015 1755 19.
1037 1691 1068 1775 I,
1091 1691 1145 1774 19,
1167 1690 1213 1774 5.;
1237 1692 1284 1755 sic
1306 1714 1375 1754 core

325 1789 422 1854 didus
443 1806 568 1878 quoque
588 1791 678 1877 apud
696 1790 856 1855 Catullum
877 1790 976 1876 XIII,
998 1791 1044 1873 43
1066 1790 1209 1873 XXXV,
1231 1789 1291 1875 8.);
1313 1812 1376 1854 nec

325 1890 430 1953 minus
457 1889 651 1954 desiderium
678 1890 817 1978 puellam
839 1891 964 1972 vocari,
992 1892 1082 1955 cuius
1105 1888 1266 1954 desiderio
1289 1911 1399 1953 ama·

324 1998 375 2053 tor
400 1988 528 2075 flagret,
556 1990 696 2055 ostendit
717 1982 929 2075 Bion.'1dytt
950 1989 981 2073 I,
1009 1990 1074 2073 83,
1102 1988 1159 2053 ubi
1184 1991 1299 2066 πόθος
1318 2012 1374 2060 nor
1495 1984 1500 1991 ⁸

326 2088 477 2171 minetur3
500 2090 552 2153 oui
573 2089 695 2153 addere
715 2089 812 2154 liceat
833 2110 854 2152 a
875 2088 1058 2174 Verburgio
1079 2088 1245 2155 laudatum
1266 2089 1389 2154 Petro-'

324 2187 372 2249 nii
405 2208 432 2251 c.
463 2187 548 2271 139,
582 2187 637 2251 ubi
669 2186 802 2273 Chrysis
834 2187 1023 2273 Polyaenon
1056 2186 1251 2252 desiderium
1284 2211 1375 2251 suum

323 2284 479 2371 appellet:
511 2285 559 2349 Tu
578 2284 767 2349 desideriam
782 2309 889 2367 meum,
911 2299 945 2350 tu
964 2287 1107 2371 voluptas
1122 2309 1198 2368 awa,
1220 2286 1264 2349 ad
1280 2309 1375 2372 quem

324 2384 433 2448 locum
448 2385 511 2449 viri
528 2384 615 2449 docti
629 2384 695 2448 alia
710 2384 870 2450 adierant.
903 2384 953 2449 Cf.
970 2385 1084 2451 Horat.
1103 2384 1166 2449 Od.
1183 2385 1214 2469 I,
1238 2384 1291 2470 14,
1315 2386 1374 2469 18,

251 2489 256 2496 “
325 2482 381 2551 ubi
410 2485 503 2547 navis
530 2485 550 2548 i.
579 2506 608 2550 e.
635 2482 818 2570 respublica
845 2483 989 2549 similiter
1013 2483 1203 2548 &adorram
1229 2495 1372 2549 vocatur.

325 2583 403 2669 Ipsa
424 2594 530 2647 autern
546 2582 708 2669 Scaligeri
729 2583 915 2648 coniectura
937 2595 970 2648 ut
990 2594 1077 2648 reete
1099 2606 1133 2648 sc
1155 2582 1298 2667 haberet,
1319 2606 1374 2656 ne,

324 2704 416 2746 cesse
434 2691 518 2746 esset
533 2682 744 2768 praecederet
759 2681 841 2748 haec
858 2684 911 2748 vel
927 2683 1038 2747 similis
1055 2685 1227 2749 sententia:
1263 2682 1375 2748 Puella
1456 2765 1459 2770 .

324 2802 398 2845 mea
424 2782 562 2847 iocando
589 2805 623 2847 sc
646 2782 806 2848 consolari
827 2792 860 2847 et
881 2782 1010 2847 efficere
1033 2782 1151 2867 studet,
1178 2793 1212 2847 ut
1234 2782 1277 2846 ad
1297 2793 1374 2847 tcm-

324 2904 384 2967 pus
402 2880 521 2974 doloris
538 2883 587 2947 sui
604 2881 826 2966 obliviscatur,
844 2883 892 2946 sic
910 2884 996 2946 enim
1013 2881 1150 2947 solemus
1165 2881 1375 2968 parentheses

322 2979 495 3065 adhibere,
521 2991 555 3047 ut
577 2983 754 3047 sententiae
776 2981 925 3067 specialis
946 2982 1131 3067 generalem
1154 3004 1300 3045 caussam
1322 2980 1375 3046 vel

323 3078 431 3165 legem
457 3103 665 3167 exponamus.
709 3080 803 3143 Haec
829 3101 909 3144 vero
932 3078 1034 3165 qualis
1056 3082 1159 3144 sitne
1180 3078 1374 3165 probcper-

323 3180 426 3262 spicio
449 3177 586 3263 quidem,
613 3188 653 3260 et,
675 3177 762 3263 quod
783 3198 986 3263 summopere
1007 3199 1059 3241 me
1080 3188 1196 3261 movet,
1219 3177 1283 3242 duo
1304 3200 1375 3242 vcr-
1493 3176 1496 3180 ’

251 3315 256 3324 ·
323 3298 379 3339 sus
410 3298 470 3362 per
498 3275 705 3362 parenthesin
731 3277 765 3340 in
791 3288 859 3340 tam
884 3274 978 3341 brevi
1004 3277 1165 3363 poematia
1192 3278 1374 3364 interpositi

324 3373 446 3439 habent
461 3376 571 3438 nescio
589 3374 665 3462 quid
682 3398 702 3439 a
717 3375 834 3441 Catulli
851 3376 1052 3463 simplicitate
1067 3379 1207 3441 maxime
1222 3377 1373 3443 alienum.

331 3472 419 3537 [dem
445 3475 522 3539 vitio
544 3470 635 3540 verto
656 3475 817 3541 Pleitnero
845 3476 891 3564 (p
914 3476 994 3562 91.),
1022 3479 1076 3564 qui
1097 3476 1150 3542 vel
1174 3488 1239 3542 tres
1261 3500 1374 3542 versus

323 3572 449 3659 (5-7.)
470 3575 653 3639 interiectos
675 3597 746 3639 esse
767 3587 865 3659 ratus,
887 3577 934 3640 sic
956 3568 1162 3641 scribendum
1184 3577 1335 3641 coniecit:
1349 3576 1387 3660 ¹).
1411 3586 1413 3591 ’

324 3673 365 3737 Iu
391 3674 565 3739 solutmlam
596 3711 638 3721 -
668 3674 742 3739 cede
767 3689 801 3740 at
828 3675 901 3741 dam
922 3699 973 3762 pr.
1000 3676 1174 3759 wqarescat
1200 3674 1298 3739 ardor
1328 3711 1372 3723 -

319 3775 455 3857 possim,
482 3775 527 3840 ita
553 3784 587 3840 ut
613 3798 644 3838 v.
667 3774 697 3837 8.
726 3797 798 3840 cum
823 3799 855 3841 v.
877 3775 908 3839 4
937 3772 1181 3859 coniungendus
1208 3774 1258 3837 sit.
1307 3772 1375 3838 Sed

413 4004 437 4068 1)
471 4007 513 4057 Ad
540 4025 620 4075 quam
646 4011 825 4063 coniecturam
850 4010 897 4075 qui
921 4009 992 4064 viam
1018 4008 1188 4075 praeiverant
1215 4007 1278 4059 vide
1303 4009 1374 4077 apud

325 4085 416 4153 silug.
433 4104 459 4154 p.
477 4090 534 4140 aas.

1157 4176 1174 4225 2
