3392 4959
824 520 866 591 ³³

750 608 949 619 -ιιι

657 838 659 842 .
721 787 812 885 uu,
840 788 897 885 14,
922 788 972 865 u.

408 937 562 1003 Nonnulli
579 937 673 1002 Statii
690 936 799 1020 codd,
824 958 935 1000 omnes
951 934 1123 1020 Meleagri,
1140 934 1274 1018 Dresd.,
1297 935 1373 1001 edit.

324 1037 419 1123 Rege,
446 1037 652 1101 Lachmanni
677 1036 717 1099 L.
743 1036 785 1099 D.
793 1086 801 1119 ,
836 1034 1003 1121 Spengelii
1035 1034 1104 1119 (qui
1135 1057 1166 1098 v.
1196 1035 1245 1097 14.
1278 1058 1374 1099 omnes
1431 1059 1435 1067 ·

324 1137 418 1200 codd.
446 1135 570 1200 habere
598 1135 678 1199 dicit
704 1134 805 1219 nulla)
835 1157 865 1198 a.
887 1133 919 1198 h.
941 1133 973 1198 b.
996 1135 1016 1196 i.
1039 1156 1071 1218 g.
1095 1156 1122 1197 c.
1144 1134 1187 1197 D.
1209 1134 1248 1196 F.
1270 1134 1313 1197 H.
1336 1136 1373 1198 P.

322 1236 444 1300 habent
465 1237 554 1298 uella
575 1236 703 1297 scelesta
723 1258 761 1297 ne
783 1248 823 1318 te,
853 1233 908 1296 elii
930 1232 1026 1297 Statii
1048 1232 1156 1315 codd,
1185 1233 1271 1317 apud
1293 1234 1374 1298 Vos·
1404 1293 1407 1297 .

290 1400 292 1404 ,
322 1336 405 1398 sium
427 1334 591 1420 „plerique
609 1334 676 1397 fere
692 1332 794 1416 libri“,
818 1332 985 1418 Spengelii
1006 1333 1118 1396 ceteri:
1139 1334 1228 1395 nulla
1248 1335 1376 1396 scelesta

323 1456 377 1495 uec
399 1446 436 1496 te.
466 1432 582 1497 Ouiae:
605 1433 693 1496 nullo
713 1434 839 1496 scelesto
860 1456 936 1516 rere,
959 1433 994 1494 in
1014 1432 1175 1515 margine:
1198 1433 1326 1495 scelesta
1347 1445 1375 1495 te

323 1533 393 1615 ael,
416 1532 504 1618 quod
526 1532 673 1616 Scaliger
694 1531 793 1595 altero
815 1554 882 1594 non
904 1530 1043 1594 deterius
1067 1529 1157 1613 dicit,
1180 1553 1373 1616 quamquam
1485 1525 1489 1534 ’

323 1630 403 1694 illud
423 1630 550 1717 probat.
580 1632 723 1695 Muretus
744 1640 864 1713 narrat,
887 1652 922 1693 se
937 1651 1072 1715 puerum
1087 1628 1239 1693 habuisse
1257 1630 1374 1694 librum

324 1740 478 1814 veterem,
500 1732 535 1793 in
557 1752 619 1816 quo
642 1729 822 1793 meminerit
843 1730 997 1814 scriptum
1016 1750 1103 1791 esse:
1131 1727 1275 1809 Scelesta,
1298 1753 1376 1813 quae

324 1853 417 1911 nuuc,
445 1852 524 1914 quoe
551 1830 610 1892 att
631 1840 732 1891 monet
757 1829 845 1892 vito?
889 1827 1008 1892 Statius
1034 1849 1093 1913 pro
1120 1850 1175 1889 aec
1199 1841 1226 1891 te
1248 1829 1376 1914 scripsit

321 1942 420 2012 nocte,
449 1928 665 2015 adstipulante
691 1929 888 2013 Doeringi03
920 1926 995 1990 Ald.
1023 1927 1049 1989 Ι.
1076 1928 1165 1990 nullo
1196 1964 1239 1973 -
1271 1940 1298 1990 te
1324 1950 1374 2011 ae,

322 2028 414 2091 Brix.
438 2027 538 2092 Guar.
560 2028 675 2091 Muret.
702 2028 785 2092 nulli
806 2064 850 2075 —-
877 2039 905 2089 te
932 2049 983 2109 ne,
1011 2025 1137 2090 Vicent.
1160 2027 1243 2111 culli
1265 2063 1310 2074 -
1335 2049 1373 2089 rte

323 2140 365 2209 te,
393 2125 468 2190 edit.
490 2128 593 2189 Paris.
616 2148 645 2189 a.
670 2126 759 2190 1528.
787 2139 872 2208 tuae,
898 2124 997 2190 Basil.
1021 2146 1050 2187 a.
1075 2124 1165 2190 1530.
1196 2126 1285 2189 anthr
1306 2123 1374 2189 Sce-

325 2225 402 2289 lesta
424 2237 456 2287 tu
477 2225 538 2287 tte?
584 2224 701 2287 Douza
721 2224 806 2287 Pet:
828 2224 929 2305 aella,
952 2223 1131 2307 Meleager:
1154 2247 1211 2286 oce
1232 2237 1272 2305 te,
1295 2224 1375 2287 Vos

324 2325 404 2387 sius:
432 2323 563 2404 nullom,
585 2323 726 2402 scelesta,
747 2335 877 2402 noctem,
905 2320 992 2407 quod
1013 2321 1191 2407 probarunt
1212 2323 1375 2406 Heinsius,

323 2422 631 2508 Martyni-Laguna,
652 2420 816 2503 Handius,
840 2419 992 2505 Silligius.
1021 2420 1252 2484 Lachmannus
1275 2422 1373 2485 satius

326 2521 418 2585 duxit
449 2543 579 2585 suorum
611 2520 759 2583 codicum
791 2519 963 2583 lectionem
996 2519 1088 2602 dare,
1121 2541 1375 2583 commemorans

324 2631 433 2685 tamen
460 2621 494 2684 in
520 2621 603 2683 notis
625 2620 783 2704 Meleagri
810 2619 1041 2702 coniecturam,
1068 2618 1220 2704 illumque
1248 2630 1375 2683 secutus

326 2728 375 2782 est
388 2718 616 2783 Rossbachius.
647 2717 838 2803 Spengelius
855 2717 1093 2782 emendandum
1107 2720 1246 2783 coniecit
1260 2742 1291 2804 p.
1307 2720 1373 2782 su:

325 2816 469 2899 Scelesta,
489 2841 570 2881 auec
591 2830 619 2880 te
641 2824 731 2901 (quae
752 2819 811 2881 tibi
829 2831 931 2882 maaet
951 2816 1048 2900 vt‘tci)
1074 2817 1150 2895 Quis
1170 2842 1251 2881 enac
1272 2832 1299 2881 te
1320 2816 1376 2881 cd·

323 2916 414 3000 ibet,
437 2917 523 3002 quod
540 2917 682 3002 Silligius
700 2916 796 2982 Gens.
812 2941 843 3004 p.
860 2918 932 2981 272.
950 2928 1037 2981 recte
1053 2916 1255 3002 improbans:
1277 2918 1376 2998 nullo,

325 3015 480 3080 Scelesta!
505 3054 547 3063 —
572 3016 656 3098 Iam,
683 3016 750 3097 ede,
777 3039 856 3100 quac
883 3016 942 3079 tibi
962 3029 1064 3079 ntanet
1083 3015 1170 3080 cita?
1212 3016 1373 3101 Hauptius

325 3114 404 3179 Obs.
434 3114 511 3178 crit.
539 3137 571 3199 p.
598 3114 628 3177 6.
661 3116 819 3198 Meleagri
847 3115 1066 3177 coniecturam
1093 3113 1250 3195 defendit,
1278 3136 1375 3198 quam

325 3212 464 3275 eandem
496 3214 530 3274 in
564 3211 737 3275 editionem
768 3213 904 3295 recepit,
936 3235 968 3295 p.
1000 3213 1049 3275 10.
1082 3212 1152 3297 ipse
1185 3212 1373 3275 coniiciens:

328 3312 414 3388 Quae
430 3323 458 3372 te
474 3310 732 3373 reimpetrata!
762 3310 891 3374 Eodem
911 3309 982 3374 loco
1006 3311 1121 3375 offensi
1141 3323 1375 3398 proposuerant

325 3409 491 3474 Handius:
521 3409 605 3485 Quae
627 3408 734 3473 debinc
754 3424 856 3474 manet
875 3408 961 3473 ot'tc?
1002 3410 1189 3476 Sentenius:
1214 3411 1299 3488 Quae
1320 3412 1381 3475 titt

325 3510 460 3573 immtbet
490 3506 576 3572 etto?
611 3508 750 3574 Codices
782 3511 827 3573 ita
860 3510 1058 3595 discrepant:
1091 3510 1210 3575 Dresd.
1242 3525 1374 3595 maneat,

318 3608 531 3673 'Lachmanni
562 3610 601 3672 L.
635 3610 741 3673 omisit
773 3612 843 3691 tibi,
877 3611 936 3673 tibi
963 3633 1041 3694 quoe
1071 3609 1170 3675 habet
1200 3611 1376 3674 Parisinus

324 3710 467 3795 Heysius
494 3708 634 3792 scripsit:
668 3706 817 3792 Scelesta,
843 3732 946 3787 aosce,
976 3731 1055 3793 quae
1081 3709 1141 3770 tibi
1163 3722 1264 3771 maaet
1289 3710 1376 3772 ot‘tc!

318 3808 397 3871 ¹Iam
428 3806 560 3872 tandem
594 3828 636 3869 ex
667 3806 716 3870 his
749 3809 912 3872 variarum
943 3807 1116 3870 lectionum
1148 3809 1248 3871 vastis
1279 3806 1376 3872 undis

329 3926 486 3969 emersum
508 3917 539 3971 et
560 3906 652 3991 quasi
673 3905 716 3969 ad
737 3906 873 3970 solidam
893 3916 1011 3970 terram
1031 3905 1200 3991 appulsum
1219 3907 1309 3970 iuvat
1328 3930 1376 3971 re·

329 4004 504 4087 trospioere
534 4008 651 4092 quique
683 4006 824 4068 maxime
856 4004 982 4069 vitandi
1014 4007 1077 4070 sint
1109 4005 1232 4090 scopuli
1258 4008 1377 4071 exami-

282 4181 285 4187 Ι
327 4122 416 4184 nare.
440 4102 512 4183 Quo
528 4127 659 4170 munere
675 4115 711 4171 ut
728 4105 893 4193 aliquanto
908 4105 1039 4171 brevius
1058 4105 1192 4190 defungi
1208 4107 1377 4193 possimus,

1160 4208 1176 4255 3
