3392 4959
719 516 868 629 ¹u

323 740 456 818 propter
472 732 653 796 castitatem
667 730 835 794 Minervae
851 731 1007 817 imprimis
1023 732 1189 818 proprium
1206 739 1263 795 est
1298 730 1369 794 Iam

324 854 422 916 quum
440 832 557 914 omnia,
578 851 661 915 quae
677 827 811 893 alicuius
831 832 985 894 momenti
1000 829 1188 894 viderentur
1203 851 1282 914 esse,
1299 850 1369 915 per-

323 929 545 1016 penderimus,
572 927 728 1013 breviter,
756 950 854 1015 quam
874 930 966 994 initio
989 930 1174 1015 scripsimus
1195 928 1372 993 lectionem

325 1026 595 1093 confirmabimus.
643 1025 695 1091 Ac
725 1049 838 1093 versus
870 1029 1001 1114 quidem
1034 1030 1142 1094 octavi
1172 1026 1294 1113 duplex
1321 1037 1379 1110 est¹

324 1128 483 1213 quaestio,
517 1121 667 1212 primum,
701 1149 763 1213 quo
795 1127 909 1192 ordine
941 1128 1045 1193 verba
1076 1126 1267 1192 collocanda
1296 1128 1369 1210 sint,

323 1235 393 1291 tum
419 1237 525 1290 utrum
550 1240 595 1289 eet
615 1226 827 1290 omittendum
849 1228 890 1291 sit
910 1250 1029 1311 necne,
1056 1247 1100 1291 an
1120 1226 1228 1292 Vossii
1244 1239 1278 1289 et
1297 1248 1369 1311 pro

322 1322 477 1389 bandum.
522 1325 595 1405 Qua
621 1326 656 1389 in
681 1347 731 1408 re,
758 1348 800 1389 ne
826 1337 1025 1412 repetamus,
1054 1348 1138 1413 quae
1163 1328 1228 1390 iam
1249 1325 1371 1411 passim

323 1425 517 1508 monuimus,
541 1445 734 1510 quamquam
753 1423 914 1488 lubricum
933 1436 982 1488 est
1000 1425 1043 1489 ad
1058 1426 1262 1489 necessitatis
1279 1422 1370 1508 leges

324 1522 447 1608 aliquid
468 1522 644 1587 decernere
660 1522 759 1607 velle,
780 1532 889 1587 tamen
905 1526 1015 1588 nescio
1032 1546 1094 1610 quo
1111 1533 1208 1610 pacto
1225 1534 1370 1587 nostrum

323 1622 429 1708 magis
461 1620 503 1685 ab
536 1624 661 1686 aurium
690 1622 969 1687 commendatione
995 1623 1120 1711 placet,
1153 1644 1250 1709 quam
1275 1622 1379 1701 illudr

327 1721 429 1799 aare
460 1721 537 1786 habe
568 1722 624 1785 doc
655 1723 725 1804 rai,
757 1723 791 1785 in
823 1746 886 1809 quo
912 1734 1082 1809 practerea
1107 1722 1290 1809 pronomini
1315 1721 1372 1784 hoc

323 1842 455 1906 prorsus
476 1823 706 1886 inconcinnum
728 1821 857 1907 pondus
880 1821 1025 1905 additur,
1053 1844 1151 1907 quum
1171 1822 1278 1907 potius
1300 1842 1375 1905 pro·

323 1929 397 2005 pter
416 1918 607 1983 modestiam
623 1918 818 1984 vocabulum
832 1918 988 2007 quidquid
1001 1943 1159 1983 summum
1173 1929 1371 1983 momentum

323 2015 445 2081 habere
472 2039 512 2081 ac
537 2019 641 2103 primo
662 2016 734 2081 loco
759 2017 946 2103 ponendum
968 2040 1040 2083 esse
1064 2029 1230 2105 appareat.
1272 2018 1371 2081 Deni-

324 2138 387 2203 que
407 2115 567 2201 Catullus,
594 2118 622 2182 si
642 2138 702 2203 per
722 2126 861 2181 metrum
881 2116 1001 2182 licebat
1021 2140 1084 2182 nec
1106 2116 1279 2203 singularis
1301 2126 1371 2180 erat

324 2236 448 2300 caussa,
470 2215 571 2282 veluti
591 2217 737 2303 gravitas
757 2217 902 2302 affectans,
924 2217 1195 2305 simplicissimum
1211 2237 1370 2302 quemque

323 2316 528 2403 maximeque
562 2315 742 2407 naturalem
772 2314 948 2383 verborum
980 2316 1128 2382 ordinem
1165 2314 1370 2403 sequebatur,

324 2437 432 2500 quem,
464 2417 528 2481 nisi
558 2416 665 2499 fallor,
697 2437 757 2479 nos
788 2417 853 2501 ipsi
884 2417 915 2481 h.
945 2417 965 2481 l.
999 2418 1181 2481 restitutum
1213 2414 1374 2480 volumus,¹

324 2513 409 2577 Tum
436 2525 544 2578 autem
571 2514 673 2580 verbo
699 2528 743 2577 est
768 2516 803 2577 in
829 2516 894 2579 fine
921 2537 1035 2579 versus
1062 2514 1218 2599 imprimis
1239 2522 1372 2599 propter

324 2610 472 2675 additum
492 2634 671 2698 pronomen
692 2612 833 2675 koenon
855 2612 951 2676 facile
973 2613 1146 2694 caruerim3
1168 2612 1264 2675 nimis
1286 2612 1372 2675 enim

309 2706 418 2797 ¹quasi
438 2709 541 2774 densa
562 2710 615 2774 vel
635 2711 742 2796 potius
765 2709 847 2773 dura
862 2731 921 2797 pro
939 2711 1071 2796 ingenio
1089 2704 1271 2775 Catulliano
1287 2711 1372 2773 soret
1402 2791 1408 2800 Ι

300 2801 438 2875 'oratio
469 2809 590 2894 Atque,
613 2810 641 2872 si
661 2819 750 2872 recte
771 2810 917 2893 memini,
939 2811 1143 2895 grammatici
1166 2810 1297 2893 docent,
1321 2809 1372 2873 Oi,
1482 2822 1484 2825 ’

325 2909 453 2974 coronis
475 2917 562 2973 certe
584 2915 691 2971 aetate
711 2909 903 2993 pronomine
926 2909 1155 2993 qualiscumque
1172 2909 1241 2972 sine
1259 2907 1371 2972 addito

325 3005 427 3071 verbo
445 3006 646 3071 substantivo
664 3029 729 3069 esse
743 3006 889 3070 nondum
904 3008 951 3071 uti
968 3007 1078 3072 solitos
1095 3028 1166 3071 esse
1183 3005 1371 3089 scriptores;

324 3129 439 3195 parum
465 3107 566 3193 igitur
588 3104 700 3172 valent
724 3128 806 3193 quae
827 3105 962 3171 laudant
983 3128 1027 3170 ex
1048 3104 1168 3171 Ovidio
1190 3103 1276 3189 (Art.
1298 3102 1374 3167 Am.

325 3206 372 3291 H,
391 3206 479 3290 283,
501 3198 598 3272 Trist
614 3206 644 3290 I,
666 3208 699 3289 1,
716 3205 783 3291 45.)
806 3218 838 3271 et
852 3206 994 3271 Martiali
1016 3205 1108 3291 (VII,
1124 3205 1190 3290 20)
1213 3202 1372 3289 exempla.
1470 3251 1474 3257 .

327 3306 498 3389 Quumque
524 3304 616 3368 multi
637 3304 767 3369 codices
793 3305 938 3371 habeant
964 3305 1058 3390 illud,
1087 3315 1155 3369 tum
1182 3305 1251 3369 sine
1273 3302 1374 3367 dubio

325 3404 405 3470 latet
418 3404 531 3468 ¹etiam
556 3404 591 3466 in
615 3403 776 3467 Vossiano
803 3418 845 3487 et3
873 3407 1040 3490 potuitque
1067 3427 1142 3467 cum
1168 3402 1374 3467 antecedenti
1452 3420 1454 3425 ·

327 3503 428 3569 dudelli
453 3502 489 3565 in
515 3522 613 3565 unam
633 3523 749 3566 vocem
776 3503 983 3567 coniunctum
1003 3504 1038 3565 in
1058 3503 1123 3566 fine
1144 3520 1257 3567 versus
1278 3502 1377 3567 facila·

327 3600 489 3668 excidere.
544 3599 641 3681 Quod
666 3623 744 3667 vero
771 3603 805 3665 in
831 3601 994 3666 nonnullis
1020 3612 1096 3667 ante
1122 3604 1223 3667 loelli
1245 3602 1374 3689 legitur,

327 3703 396 3768 sius
421 3702 470 3766 rei
496 3699 578 3766 haec
607 3700 736 3766 videtur
763 3724 878 3767 caussa
906 3724 991 3787 esse,
1019 3702 1121 3788 quod,
1149 3726 1248 3789 quum
1275 3702 1375 3766 semel

326 3803 383 3869 loe
407 3823 428 3867 c
453 3800 525 3867 loeo
552 3823 610 3867 suo
636 3812 711 3889 post
735 3802 812 3867 hehe
838 3803 1068 3889 immigrasset,
1099 3804 1195 3867 metri
1221 3800 1377 3889 explendi

329 3923 445 3968 caussa
465 3922 599 3968 necesse
621 3912 691 3966 erat
712 3921 786 3968 cum
807 3903 907 3968 zoelli
924 3902 1035 3967 sedem
1057 3922 1148 3965 suam
1168 3901 1325 3967 mutaret.¹
1373 3931 1377 3946 ·

331 3993 335 4000 ’
410 4001 450 4065 V.
479 4000 619 4088 denique
646 4003 676 4068 9.
704 4026 767 4091 quo
793 4004 864 4070 iure
889 4002 1041 4067 lacunam
1064 4002 1219 4087 inferant,
1254 4002 1377 4086 neseio,

326 4099 394 4167 nisi
404 4098 612 4167 Froehnerus
625 4101 873 4188 Lachmannum
886 4102 967 4168 tales
980 4101 1114 4168 lacunas
1128 4101 1229 4190 ipsius
1242 4096 1377 4170 meanis
