3392 4959
825 497 871 571 la

323 716 452 780 vinculo
481 717 677 780 coniunctus.
722 715 847 795 Quibus
875 715 1023 779 omnibus
1051 716 1265 782 incommodis
1288 715 1374 804 equi-

324 816 398 880 dem
430 816 608 879 medicatus
635 815 696 878 sim
729 817 775 877 sic
804 814 964 879 scribens:
1008 806 1050 876 Α
1066 816 1152 900 queas
1179 828 1207 879 te
1234 818 1280 879 aie
1304 818 1374 903 e'pae

313 916 509 1002 flagitabam.
553 913 669 997 Vides,
692 913 846 999 quentilla
869 914 908 977 sit
929 914 1078 996 mutatio3
1100 936 1160 999 pro
1182 916 1203 978 Ιι
1223 918 1319 1002 posui
1339 941 1372 1001 q3

325 1014 483 1099 (similitor
509 1012 623 1076 Catull.
646 1012 762 1096 XXII,
787 1012 835 1075 16.
859 1012 1062 1076 Lachmanni
1083 1014 1124 1076 D.
1147 1013 1186 1077 L.
1215 1015 1256 1077 alr
1282 1038 1374 1102 prae-

324 1113 402 1177 bent
422 1135 480 1198 pro
503 1112 568 1196 o03)
592 1133 651 1198 pro
673 1113 728 1195 ael,
750 1113 812 1194 oei3
834 1134 911 1175 nam
932 1113 948 1175 i
960 1121 992 1175 et
1006 1112 1020 1175 l
1034 1112 1113 1175 nihil
1130 1112 1288 1198 differunt,
1310 1116 1375 1179 nisi

323 1211 498 1298 paullulum
519 1210 721 1296 longitudine
742 1210 895 1293 lineolae,
922 1234 938 1272 s
960 1220 1067 1273 autem
1088 1210 1141 1275 vel
1162 1212 1273 1276 notula
1293 1213 1374 1277 indi-

325 1322 431 1374 catum
453 1309 575 1373 excidit
597 1310 652 1394 (cf.
676 1310 719 1372 ad
740 1310 845 1393 XXV,
865 1309 910 1394 5.)
932 1309 1000 1392 vel,
1023 1309 1111 1395 quod
1131 1313 1236 1396 magis
1257 1312 1373 1397 placet,

323 1412 358 1473 in
381 1408 506 1496 syllaba
528 1411 559 1493 li,
583 1430 664 1494 quae
686 1410 720 1471 in
741 1407 903 1472 nonnullis
926 1408 1093 1473 codicibus
1115 1421 1188 1495 post
1208 1413 1259 1475 ael
1273 1414 1374 1497 sequi-

280 1523 284 1529 '
324 1520 387 1592 tur,
416 1510 508 1591 latet3
542 1507 627 1593 quod
657 1509 713 1571 vix
741 1506 896 1571 credibile
923 1506 1086 1591 videatur3
1120 1509 1178 1573 sed
1203 1512 1374 1575 tamen-in

324 1607 492 1671 Hauthalii
518 1608 708 1693 specimine,
741 1605 829 1692 quod
858 1628 955 1692 supra
979 1606 1127 1691 laudavi,
1159 1633 1175 1671 a
1201 1632 1300 1697 saepe
1327 1610 1374 1674 sic

325 1709 480 1793 'scriptum
512 1707 673 1770 invenitur
706 1705 773 1790 (r),
796 1717 841 1770 -ut
872 1728 944 1768 cum
972 1707 999 1769 b'
1020 1707 1055 1769 in
1082 1716 1186 1792 tanta,
1220 1719 1374 1794 quantam

326 1829 423 1893 saepe
456 1808 521 1870 iam
552 1805 690 1870 vidimus
697 1856 705 1889 ,
739 1804 887 1868 codicum
915 1804 1167 1870 Catullianorum
1195 1810 1374 1893 scripturae

325 1907 485 1992 pravitate
512 1905 600 1969 haud
625 1926 744 1989 magno
771 1905 901 1989 negotio
925 1906 1113 1967 commutari
1133 1908 1280 1990 potuerit.
1321 1907 1373 1971 Ne

326 2004 405 2091 quid
427 2004 565 2089 denique
588 2005 851 2088 praetermittam,
874 2004 996 2089 antiqui
1017 2002 1180 2067 scribendi
1201 2006 1299 2069 moris
1320 2029 1375 2070 ve·
1478 2060 1482 2068 .

326 2105 423 2189 stigia
449 2105 483 2167 in
505 2103 623 2167 Catulli
645 2101 739 2166 codd.
761 2105 882 2188 passim
905 2112 1088 2186 occurrunt3
1111 2102 1159 2167 ¹de
1182 2126 1245 2191 qua
1266 2127 1302 2168 re
1325 2128 1375 2169 oo-

325 2205 472 2288 gnitione
502 2201 601 2287 digna
626 2203 773 2266 invenies
796 2202 883 2289 apud
904 2202 1102 2266 Lachmann.
1125 2202 1169 2265 ad
1191 2203 1320 2268 Lucret.
1341 2228 1373 2290 p.

326 2303 398 2366 244.
422 2326 505 2388 sqq.;
528 2302 569 2365 of.
593 2302 694 2387 Sillig.
718 2302 813 2366 Oens.
836 2327 868 2389 p.
891 2303 962 2366 296.
991 2302 1103 2389 Ipsum
1123 2312 1268 2366 nostrum
1289 2305 1375 2387 queis

327 2424 344 2465 o
373 2402 520 2465 codicum
547 2424 675 2465 suorum
696 2402 739 2464 D.
762 2403 800 2465 L.
823 2402 976 2466 lectione:
1005 2405 1128 2487 sineque
1148 2402 1198 2464 lu‘s
1218 2412 1306 2465 recte
1327 2424 1375 2465 re

327 2503 426 2565 stituit
447 2501 675 2564 Lachmannus
699 2499 814 2565 Catull.
837 2501 1055 2585 LX11[,46.,
1085 2500 1172 2586 quod
1197 2500 1284 2564 idem
1309 2502 1376 2563 iam

326 2601 532 2684 praeiverant
561 2599 708 2684 Scaliger
730 2610 762 2663 et
784 2601 918 2663 Vossius
947 2610 978 2663 et
1003 2600 1162 2685 praebent
1183 2601 1280 2686 etiam
1301 2598 1373 2663 cod.

326 2697 444 2762 Dresd.
468 2709 499 2762 et
521 2698 594 2761 edd.
618 2700 768 2782 antiquae
790 2699 851 2761 sic:
875 2699 908 2760 si
925 2695 1019 2781 neque
1040 2700 1078 2761 is.

704 2928 1003 2936 ——-

704 2940 1003 2947 -——-———-——

763 3147 883 3244 urin,
908 3149 942 3225 o.

412 3295 518 3373 Quam
549 3297 669 3381 primus
696 3296 726 3360 h.
755 3296 774 3360 l.
808 3299 901 3361 unice
928 3295 1132 3383 probandam
1158 3296 1377 3360 coniecturam

329 3395 671 3477 excogitavissemihi
697 3395 846 3479 videbar,
882 3419 953 3460 cam
979 3406 1092 3481 postea
1118 3397 1227 3459 nescio
1254 3397 1376 3458 maiore

329 3492 450 3577 gaudio
479 3492 586 3555 dicam
613 3515 656 3555 an
683 3494 886 3578 aegritudine
908 3517 928 3558 a
948 3494 1160 3558 Lachmanno
1182 3494 1225 3557 ad
1247 3494 1376 3557 Lucrot.

328 3616 359 3679 p.
382 3592 469 3674 241,
491 3590 547 3655 ubi
569 3592 719 3656 coniecit:
752 3593 914 3678 Typonum
935 3607 1030 3676 tuom,
1056 3594 1183 3680 Cybebe,
1205 3614 1378 3678 praeoccu-

328 3703 439 3779 patam
462 3714 531 3755 esse
555 3693 702 3777 cognovi.
737 3692 843 3773 Quam
865 3717 963 3779 quum
983 3717 1045 3758 nec
1065 3692 1243 3757 rationibus
1265 3691 1378 3754 confir-

328 3793 465 3856 maverit
500 3814 562 3855 nec
593 3795 778 3879 ‘receperint
813 3796 1008 3858 recentiores
1040 3803 1168 3879 practer
1199 3790 1378 3875 Hauptium

330 3892 483 3974 editores,
511 3913 598 3955 nunc
620 3902 785 3979 tamquam
805 3916 904 3956 unam
925 3916 1068 3957 mearum
1091 3890 1273 3954 defendam.
1317 3888 1378 3952 Oo-

331 3992 419 4054 dices
445 3991 588 4076 plerique
611 4014 683 4055 cum
704 3992 768 4056 levi
791 3993 978 4057 diversitate
1000 3993 1046 4056 sic
1068 3989 1188 4053 habere
1210 3989 1376 4054 videntur:

334 4089 533 4174 Tynepocum,
555 4090 657 4153 tubane
682 4090 826 4175 Cybelles
848 4106 903 4156 tua
923 4091 1142 4155 venerabilia.
1174 4089 1379 4154 Lachmanni
