3392 4959
749 615 949 627 ——u-

328 745 420 811 detur
449 745 547 809 (hedo
574 758 620 828 at,
647 743 734 830 quod
760 745 830 808 sine
857 743 956 811 dubio
984 767 1026 808 ex
1052 746 1183 830 antiquo
1209 743 1373 810 scribendi

332 867 422 910 more
446 845 561 909 Oredut
587 855 689 908 crtum
714 865 777 906 nec
803 842 890 929 quod
911 842 956 907 ad
976 844 1099 907 aurium
1120 844 1285 928 iudicium,
1311 866 1373 907 ncc

326 944 414 1031 quod
439 944 483 1007 ad
508 944 683 1008 litterarum
710 942 824 1007 ductus
850 944 976 1026 attinet,
1002 953 1091 1008 tauto
1113 965 1211 1029 opere
1232 964 1253 1006 a
1276 944 1373 1021 Quae·

324 1058 377 1107 rat
401 1043 520 1126 differt,
547 1063 643 1128 quam
664 1044 735 1127 quis
756 1042 859 1127 primo
882 1042 1046 1108 oculorum
1067 1041 1178 1108 obtutu
1200 1044 1370 1107 existimet.

328 1143 407 1207 Oet
430 1142 478 1219 Qu
504 1141 710 1206 confusorum
736 1141 920 1227 exemplum
945 1140 1047 1206 habes
1072 1144 1107 1205 in
1133 1143 1232 1228 ipsius
1255 1142 1372 1206 Catulli

325 1242 550 1328 praenomine3
572 1240 658 1327 quod
680 1263 776 1326 quum
797 1253 894 1305 autea
915 1239 1109 1306 scriberetur
1128 1239 1162 1304 0.
1184 1242 1205 1305 i.
1221 1264 1248 1305 e.
1268 1240 1372 1325 Gaias,

324 1342 446 1426 primus
464 1340 619 1425 Scaliger,
641 1350 754 1425 postea
770 1339 1000 1403 Lachmannus
1015 1351 1103 1404 recte
1122 1340 1178 1417 Qu.
1195 1342 1215 1404 i.
1232 1362 1260 1403 e.
1280 1340 1372 1417 Quia·

325 1452 375 1503 tus
395 1441 430 1503 iu
451 1462 543 1504 suum
557 1439 662 1503 Iocum
678 1437 885 1502 reduxerunt.
915 1439 990 1501 Alia
1006 1440 1040 1502 in
1056 1439 1260 1502 Lachmanni
1275 1438 1370 1504 codd.

325 1538 407 1602 baec
429 1549 515 1604 sunt:
541 1538 686 1620 VI,10.:
708 1560 800 1601 casso
815 1538 857 1602 Ι).
881 1538 1014 1621 XXIII,
1032 1538 1076 1602 8.:
1100 1540 1312 1623 ccoqaoqoitcs
1327 1539 1369 1602 D.

326 1638 452 1722 LXIV,
476 1638 519 1702 1.:
542 1636 672 1701 condam
691 1637 938 1702 Laurentianus.
976 1637 1026 1701 cf.
1048 1638 1213 1703 Heraeum
1234 1662 1265 1724 p.
1290 1639 1370 1721 100,

324 1735 382 1801 ubi
402 1760 498 1823 quum
520 1736 664 1801 eiusdem
682 1737 926 1822 permutationis
944 1738 1108 1823 complura
1124 1737 1282 1823 exempla,
1304 1747 1372 1801 tum

325 1838 466 1901 virorum
495 1836 661 1901 doctorum
687 1834 762 1900 libri
789 1836 830 1899 de
858 1836 973 1900 eadem
999 1859 1035 1900 re
1062 1835 1286 1900 disserentium
1307 1834 1371 1898 lau-

325 1934 457 2017 dantur,
483 1935 523 2000 cf.
546 1933 625 1999 ibid.
646 1957 677 2019 p.
700 1934 751 1998 34.
773 1936 841 1999 init
885 1935 956 1999 Iam
977 1958 1013 1998 aa
1034 1956 1130 2020 quam
1151 1956 1248 2019 saepe
1269 1945 1371 1997 trans-

324 2025 397 2098 ierit
422 2035 457 2098 in
483 2056 511 2117 e,
538 2032 679 2115 hamulo,
708 2034 762 2118 qui
783 2033 869 2097 inira
889 2032 1139 2120 appingebatur,
1165 2031 1370 2097 librariorum

323 2134 449 2199 incuria
475 2134 606 2217 omisso,
632 2133 667 2195 in
689 2134 802 2217 quavis
824 2132 919 2197 codd
941 2156 1017 2198 mss.
1038 2134 1161 2220 pagins
1182 2154 1315 2196 cernere
1336 2131 1372 2195 li-

324 2242 389 2317 cet3
412 2233 452 2298 cf.
474 2233 639 2297 Heraeum
660 2255 691 2317 p.
714 2232 764 2296 92.
786 2232 818 2295 B
837 2232 943 2298 littera
964 2232 1074 2297 sedem
1096 2232 1239 2297 mutavit.
1289 2231 1318 2296 U
1338 2240 1371 2296 et

322 2333 354 2396 A
376 2343 407 2397 et
428 2331 577 2397 similium
597 2332 681 2397 inter
702 2353 736 2395 se
758 2342 950 2397 mutatorum
975 2332 1075 2397 multa
1101 2331 1200 2396 obvia
1221 2342 1294 2396 sunt
1315 2354 1369 2393 ex·

324 2432 443 2518 empla,
466 2432 512 2515 (v.
527 2431 676 2496 Pleitner.
691 2431 788 2516 Prog.
804 2455 835 2518 p.
853 2432 918 2517 17.)
940 2432 1038 2497 veluti
1057 2432 1169 2515 LXII,
1191 2432 1257 2495 58.:
1286 2430 1372 2494 (hara

322 2531 365 2593 D.
389 2531 431 2612 Τ;
453 2529 579 2611 LXVI,
600 2532 666 2593 2I.:
690 2531 800 2592 bonam
820 2530 862 2593 D.
885 2530 1018 2613 adeptum
1037 2530 1079 2592 D.
1097 2530 1136 2592 L.
1158 2553 1232 2613 pro:
1256 2529 1371 2614 adepta

324 2651 366 2691 es.
390 2628 455 2690 91.:
479 2640 576 2709 taom3
600 2627 640 2689 cf.
658 2626 823 2689 Heraeum
843 2650 875 2712 p.
892 2628 942 2690 87.
965 2650 1048 2711 sqq.,
1071 2625 1127 2690 ubi
1148 2626 1241 2691 buius
1263 2628 1371 2692 confu-

323 2727 423 2791 sionis
438 2725 537 2791 multa
554 2734 708 2810 congesta
724 2735 797 2789 sunt
814 2724 971 2811 exempla.
1006 2724 1110 2790 Video
1134 2725 1283 2812 equidem
1303 2749 1371 2790 non

323 2826 432 2891 omnia
458 2823 501 2888 ad
528 2845 669 2908 unguem
697 2805 886 2906 convenire,
919 2823 1019 2910 quod,
1046 2835 1081 2889 ut
1107 2826 1199 2889 initio
1226 2828 1369 2912 exposui,

322 2926 454 2989 minime
479 2922 696 2987 necessarium
720 2922 838 2987 iudico.
880 2924 1034 2988 Fortasse
1060 2924 1172 2987 melius
1192 2946 1245 2987 res
1268 2925 1370 3008 cedet,

323 3025 351 3089 si
383 3033 467 3115 qet
498 3046 516 3087 c
546 3020 608 3087 sibi
639 3020 871 3109 respondentes
903 3023 1051 3105 facimus,
1085 3031 1116 3088 et
1149 3021 1267 3086 deinde
1299 3024 1370 3087 reli·

324 3145 458 3209 quarum
477 3122 654 3187 litterarum
678 3123 788 3209 apices
810 3122 986 3207 ductusque
1006 3120 1208 3206 rimabimur,
1235 3144 1370 3208 quorum

322 3245 490 3287 numerum
516 3234 581 3287 tum
606 3233 757 3303 accurate
779 3223 1032 3287 consentientem
1051 3222 1261 3285 inveniemus.
1305 3221 1371 3284 De-

322 3321 420 3403 nique
446 3341 489 3381 ne
515 3319 664 3404 exempla
691 3320 797 3385 desint
822 3320 947 3386 tutandi
968 3323 1144 3406 acquiescat
1168 3342 1227 3407 pro
1250 3322 1370 3405 acquie-

322 3430 385 3481 scet
401 3418 518 3502 scripti,
541 3418 581 3480 cf.
598 3417 688 3501 LXI,
710 3419 796 3481 201.:
819 3418 993 3483 01000οἅ00
1007 3420 1049 3482 D.
1067 3420 1110 3502 L3
1133 3420 1253 3504 LXIV,
1277 3421 1368 3483 lot:

323 3536 499 3601 comprecor
518 3515 560 3579 D.
584 3516 627 3600 L,
655 3513 710 3579 ubi
731 3515 876 3580 similiter
895 3516 989 3581 verbi
1010 3516 1099 3581 modi
1119 3520 1264 3604 perversi
1286 3530 1368 3583 sunt.

322 3616 393 3680 Iam
414 3615 441 3678 si
462 3625 583 3678 rectum
606 3612 830 3699 divinavimus,
852 3615 939 3679 nulla
960 3638 1075 3681 caussa
1097 3627 1153 3702 est,
1176 3640 1274 3703 quare
1295 3641 1369 3682 cum

323 3713 497 3802 Spengelio
531 3714 581 3800 (p.
611 3713 696 3799 110.)
730 3726 761 3779 et
791 3714 991 3780 Rossbachio
1022 3727 1095 3803 post
1126 3741 1157 3781 v.
1192 3719 1221 3782 t.
1253 3717 1306 3782 vel
1337 3718 1367 3782 8.

322 3814 497 3901 quidquam
528 3813 690 3880 excidisse
720 3825 881 3902 putemus3
914 3817 1022 3880 omnia
1055 3818 1141 3881 enim
1172 3819 1289 3904 optime
1317 3838 1369 3880 co·

322 3913 466 3980 haerent.
