3392 4959
826 516 864 589 12

325 732 540 817 qualecumque
561 731 680 816 quode
698 744 791 816 poter
819 732 970 815 leporum,
999 730 1081 795 haec
1102 731 1205 797 verba
1225 732 1269 797 ad
1290 733 1370 798 Cor-

323 832 443 896 nelium
475 830 643 895 referentis
676 839 709 893 et
741 829 783 894 ob
814 850 885 894 eam
913 830 1131 894 coniecturam
1156 833 1257 917 ipsius
1283 854 1304 896 a
1328 832 1367 897 P.

322 930 510 995 Burmanno
531 930 566 993 in
580 928 748 1014 Sapientia
762 928 1003 1015 Hyperboreali
1020 952 1117 994 carm.
1140 931 1184 993 ad
1199 930 1368 995 Phoebum

325 1053 355 1095 v.
378 1030 444 1111 29„
471 1026 528 1091 ubi
552 1027 729 1113 Verburgii
756 1050 888 1114 operam
915 1051 1014 1114 quum
1040 1028 1190 1093 Ciceroni
1216 1040 1285 1093 tum
1308 1029 1370 1094 Oa·
1407 1023 1410 1030 ’

323 1128 402 1194 tullo
423 1128 612 1213 praestitam
633 1127 787 1209 traducit,
813 1127 921 1214 lepide
948 1127 998 1192 his
1019 1129 1200 1215 perstricti:
1243 1129 1371 1216 Dipuuo

323 1226 416 1292 laude
427 1240 520 1312 poter
537 1226 723 1313 Verburqt'us
738 1227 791 1291 itte
807 1228 944 1311 leporum
965 1226 1021 1311 (cf.
1036 1226 1184 1291 Huschk.
1199 1250 1275 1314 pag.
1291 1228 1369 1312 69),
1416 1262 1418 1265 ·

323 1325 402 1392 talia
421 1327 521 1411 igitur
542 1325 687 1390 consulto
708 1328 940 1412 praetermitto.
982 1326 1206 1397 Recentissimi
1228 1326 1367 1412 denique

324 1425 464 1490 editores
480 1424 726 1488 Lachmannum
746 1426 848 1488 secuti
867 1449 899 1489 v.
915 1425 943 1488 8.
966 1435 1002 1490 ut
1018 1425 1174 1511 Silligius,
1196 1427 1259 1490 nisi
1280 1425 1367 1511 quod

323 1527 357 1589 in
384 1525 448 1588 fine
475 1538 520 1588 est
548 1525 712 1607 omittunt3
745 1546 875 1590 versum
901 1533 1009 1605 autem
1037 1535 1222 1611 sequentem
1249 1535 1371 1590 statuta

321 1624 441 1692 lacuna
460 1625 507 1689 sic
529 1621 687 1714 scribunt:

326 1824 539 1907 Quubmwue
560 1822 682 1907 quidem
733 1870 1314 1888 ............

365 1967 1101 1989 ...............
1114 1934 1252 2005 patrono
1270 1921 1369 2006 sirpo,

322 2017 668 2107 praeterquamquod
697 2016 916 2083 Rossbachius
947 2020 1037 2105 prius
1068 2020 1275 2084 interstitium
1299 2041 1367 2082 non

324 2119 484 2205 expressit
505 2127 538 2181 et
551 2116 703 2203 Heysius,
724 2116 804 2181 nihil
824 2117 961 2182 lacunae
982 2118 1139 2201 indicans,
1161 2142 1192 2183 v.
1209 2118 1238 2183 9.
1260 2118 1368 2201 talem,

324 2217 451 2304 qualem
471 2215 692 2304 probavimus,
716 2216 863 2301 exhibet;
885 2240 1021 2303 quorum
1043 2217 1171 2282 codices
1191 2217 1278 2304 quod
1297 2217 1369 2281 atti-

322 2327 392 2402 net,
417 2316 618 2385 Lachmann.
643 2317 686 2381 D.
713 2327 745 2381 ct
769 2317 808 2381 L.
836 2315 959 2381 habent
980 2318 1040 2381 uti
1059 2317 1147 2401 tabe,
1170 2340 1266 2382 versu
1287 2318 1368 2380 inse

323 2418 434 2503 quenti
455 2427 563 2483 autem
583 2417 626 2484 D.
650 2417 784 2501 quidem,
805 2418 844 2481 L.
868 2417 963 2501 quod3
985 2415 1064 2480 illud
1085 2427 1254 2503 praeterea
1274 2416 1368 2480 Ross-

323 2516 433 2583 bachii
455 2514 528 2599 (ἕης.
550 2517 608 2583 Pu.
630 2516 668 2579 F.
698 2515 823 2598 (omnes
844 2516 1006 2578 inferioris
1027 2514 1153 2598 notae),
1180 2515 1242 2578 hoc
1265 2513 1305 2578 G.
1329 2513 1367 2578 O.

323 2614 383 2681 Dr.
398 2613 442 2676 M.
457 2613 506 2695 P,.
522 2613 570 2694 P2.
587 2609 677 2695 Gur,
700 2634 717 2675 e
740 2611 855 2697 quibus
876 2612 962 2675 hanc
978 2612 1149 2675 lectionem
1166 2614 1234 2676 sine
1251 2613 1368 2677 lacuna

324 2710 528 2777 conflandam
550 2731 620 2773 esse
642 2710 822 2796 suspicatur
841 2709 1074 2774 Rossbachius:

291 2809 294 2814 ’
476 2809 701 2892 Quodcunque,
727 2807 811 2893 quod
830 2811 880 2891 (eu
896 2823 1033 2893 patrona
1053 2811 1167 2897 virgo),

322 2931 433 2996 quam,
458 2929 535 2972 vere
557 2915 592 2970 ut
612 2906 729 2991 fatear,
751 2928 818 2971 non
838 2907 934 2993 plane
955 2908 1114 2993 intellig03
1142 2932 1219 2972 nam
1239 2933 1276 2973 eu
1296 2932 1370 2995 par—

322 3007 440 3073 ticulae
465 3006 647 3090 notionum,
681 3027 762 3092 quas
789 3006 940 3092 equidem
965 3008 1125 3091 noverim,
1157 3007 1278 3071 nullam
1304 3009 1369 3072 huc

324 3107 498 3178 convenire
535 3104 647 3190 vide03
685 3105 834 3191 idemque
872 3129 976 3193 nuper
1012 3106 1134 3171 fassum
1167 3128 1238 3171 esse
1269 3105 1367 3170 video

322 3208 545 3274 Froehnerum
566 3207 600 3271 in
621 3205 789 3273 Welckeri
810 3217 842 3270 et
862 3205 1030 3270 Ritschelii
1049 3206 1132 3270 Mus.
1154 3206 1256 3270 Rhen.
1273 3205 1368 3289 ΧΠΙ,

323 3330 354 3393 p.
384 3306 469 3388 147„
501 3306 557 3390 qui
587 3302 691 3372 verba
716 3318 855 3390 patrous
879 3307 966 3393 sirpo
996 3328 1017 3369 a
1045 3306 1099 3392 pio
1127 3304 1268 3391 quodam
1293 3307 1370 3371 aevi

323 3403 423 3469 modii
442 3400 601 3467 monacho
622 3401 713 3465 illata
734 3413 930 3487 esse-ratus,
957 3403 1068 3489 (quam
1090 3406 1275 3491 opinionem
1302 3405 1369 3470 iam

323 3502 501 3592 protulerat
520 3500 708 3565 Huschkius
729 3523 761 3588 p.
784 3501 849 3586 63)
873 3502 920 3565 sic
941 3502 1068 3566 scribit:

475 3600 578 3678 Quare
598 3600 674 3663 habe
695 3600 755 3663 tabi
771 3600 921 3685 quioquid
939 3600 994 3665 boe
1015 3603 1148 3667 libellus.

475 3700 697 3784 Qrmlecumque
718 3713 782 3783 tuo,
800 3714 946 3786 patrone,
967 3703 1070 3784 verbo,

324 3802 378 3866 cui
399 3802 605 3866 coniecturae
626 3801 796 3886 quominus
818 3802 990 3885 assentiar,
1016 3801 1134 3865 multae
1160 3799 1290 3881 obstant
1312 3800 1368 3865 du-

323 3898 506 3965 bitationes.
541 3898 626 3968 Nam
647 3899 734 3985 quod
753 3899 914 3986 Nepotem
935 3902 970 3964 in
991 3900 1150 3965 chronicis
1166 3902 1231 3964 suis
1250 3899 1368 3965 caulli

324 3996 520 4063 carminibus
542 3997 675 4083 longam
694 4001 796 4064 vitam
817 4010 1010 4085 auguratum
1033 4022 1104 4063 esse
1126 4000 1301 4083 existimat,
1323 3999 1368 4064 ad

324 4096 412 4187 quod
443 4095 638 4163 benevolum
664 4096 819 4166 iudicium
848 4108 946 4185 poeta
971 4097 1003 4163 h.
1029 4097 1050 4163 l.
1078 4100 1245 4185 respiciat,
1277 4122 1368 4166 mera
