3392 4959
746 545 867 624 .,lb

324 759 378 824 hic
403 772 585 847 praetcrea,
611 764 674 827 nisi
699 762 806 848 fallor,
834 763 906 827 ecda
934 773 965 827 et
992 761 1062 826 cede
1087 763 1109 826 i.
1132 785 1160 827 e.
1180 776 1292 849 patere
1316 763 1369 829 vel

326 860 392 923 siue
413 862 571 946 confudit,
593 861 679 949 quod
699 864 830 926 minime
852 862 1036 948 significare
1057 861 1135 926 illud
1156 874 1270 948 potest.
1306 865 1370 928 No

324 960 445 1024 tionem
466 971 572 1026 autem
593 961 762 1047 vulgarem
783 961 897 1047 dandi,
922 960 1111 1048 porrigendi
1132 959 1163 1025 h.
1185 961 1205 1026 l.
1227 964 1370 1048 ineptam

325 1080 410 1143 esse,
437 1081 532 1124 nemo
553 1082 620 1125 non
640 1060 744 1145 videt,
770 1071 844 1147 post
864 1061 949 1125 hanc
971 1059 1100 1146 quidem
1119 1073 1154 1124 ut
1173 1060 1278 1125 finalis
1299 1084 1371 1147 par·

324 1157 423 1223 ticula
437 1168 524 1224 recte
540 1161 676 1246 ponitur,
698 1171 732 1225 ut
747 1160 834 1247 apud
849 1160 951 1226 Plaut.
969 1160 1063 1225 Cure.
1080 1160 1120 1244 V,
1136 1160 1165 1244 2,
1182 1159 1247 1224 54:
1279 1160 1370 1242 Cedo,

326 1257 372 1341 (=
393 1257 436 1322 du
455 1258 543 1343 miti)
564 1272 598 1323 ut
617 1260 784 1346 inspiciam
804 1260 965 1343 (anulum).
1004 1258 1150 1324 Alteram
1171 1281 1249 1325 vero
1270 1261 1370 1324 notio-

324 1377 413 1441 nem,
435 1357 611 1423 secundum
633 1380 729 1445 quam
750 1358 822 1423 cedo
843 1358 931 1423 idem
951 1358 1038 1423 valet
1059 1357 1145 1445 quod
1166 1358 1231 1441 dic,
1253 1360 1281 1423 si
1302 1359 1333 1423 h.
1348 1359 1370 1423 l.

325 1457 503 1541 statuimus,
534 1470 569 1521 ut
593 1457 674 1521 nihil
699 1457 787 1522 aliud
814 1480 885 1523 esse
910 1466 1016 1544 potest
1041 1459 1119 1522 nisi:
1152 1482 1214 1543 qua
1239 1458 1370 1540 ratimcs,
1443 1534 1446 1539 ¹

323 1555 369 1619 ita
390 1565 424 1621 ut
439 1566 572 1641 quaerat
587 1568 683 1643 poeta
698 1578 719 1621 a
734 1578 880 1643 passere,
902 1556 1063 1645 quomodo
1080 1580 1153 1621 eum
1169 1559 1239 1642 ipso
1256 1556 1368 1622 ludere

325 1655 434 1739 possit,
451 1655 538 1741 quod
552 1657 648 1721 nimis
663 1658 807 1743 ineptum
823 1657 915 1722 foret.
944 1655 1010 1722 Sed
1025 1657 1210 1742 priusquam
1226 1666 1368 1721 nostram

327 1755 543 1819 coniecturam
564 1778 794 1842 proponamus,
816 1777 921 1842 pauca
942 1754 1093 1820 videntur
1114 1754 1155 1818 de
1177 1778 1208 1820 v.
1230 1756 1258 1819 7.
1280 1776 1371 1840 prae

326 1852 489 1917 monenda
510 1876 595 1937 esse,
622 1853 692 1938 ubi,
721 1855 835 1919 sinon
857 1876 981 1937 omnes,
1008 1864 1042 1918 at
1064 1864 1150 1918 certe
1170 1853 1298 1939 plurimi
1320 1874 1371 1915 co

326 1948 415 2014 dices
451 1950 609 2037 praebent
640 1966 668 2016 et
683 1952 723 2036 ¹),
760 1974 823 2040 quo
862 1973 926 2039 qua
953 1953 1078 2016 ratione
1109 1950 1162 2015 hic
1193 1950 1371 2015 versiculus

326 2045 540 2135 coniungatur
561 2072 633 2115 cum
654 2049 873 2135 antecedenti,
897 2050 1066 2137 dupliciter
1084 2048 1227 2115 enodare
1243 2050 1372 2115 student

325 2149 525 2235 interpretes.
553 2149 604 2215 Ac
620 2149 848 2216 Lachmannus
865 2150 1004 2237 quidem,
1023 2151 1057 2213 in
1074 2151 1164 2213 cuius
1180 2150 1371 2213 sententiam

323 2269 359 2313 se
384 2248 512 2315 addixit
533 2249 674 2336 Silligius
696 2249 793 2315 (lens.
814 2273 846 2336 p.
869 2250 956 2333 277.,
983 2247 1171 2314 nominandi
1193 2269 1270 2311 casu
1291 2248 1396 2311 sola·
1468 2327 1474 2340 ι

326 2348 431 2413 n'clum
453 2348 678 2436 accipiendum
699 2371 770 2414 esse
790 2358 894 2436 putat,
914 2347 1061 2436 pendens
1082 2369 1103 2411 a
1124 2346 1208 2429 libet,
1230 2347 1289 2412 ita:
1322 2345 1372 2409 Io

326 2450 395 2512 cari
422 2458 453 2513 et
479 2448 657 2513 solatiolum
683 2447 775 2534 libet,
802 2447 846 2512 ad
873 2447 960 2534 quod
981 2445 1236 2524 confirmandum
1262 2443 1373 2509 laudat

328 2546 441 2611 Catull.
470 2547 665 2631 XXXVIII,
694 2549 739 2612 7.:
787 2548 935 2611 Paullum
960 2546 1039 2630 quid
1063 2545 1143 2610 lubet
1168 2543 1371 2609 allocutionis.

327 2644 394 2708 Sed
414 2644 599 2729 videndum,
620 2667 662 2708 ne
685 2667 723 2710 eo
744 2645 825 2729 loco,
848 2644 1005 2730 quidlalet
1019 2665 1198 2731 pronomen
1214 2645 1262 2728 sit,
1285 2642 1372 2730 quod

327 2754 465 2809 statuere
491 2742 618 2807 videtur
644 2744 795 2830 Heysius.
851 2742 918 2808 Sed
943 2743 997 2807 fac
1023 2764 1094 2807 esse
1120 2741 1255 2807 verbum
1282 2742 1372 2825 labet,

323 2853 391 2908 tum
413 2852 460 2907 est
480 2841 672 2927 subiectum,
700 2842 786 2929 quod
807 2843 909 2928 aiunt,
929 2843 1076 2928 paullum
1097 2841 1186 2927 quid,
1210 2863 1277 2906 non
1299 2841 1371 2906 sub

325 2942 498 3007 stantivum
524 2940 663 3028 aliquod.
709 2942 762 3005 Ac
785 2941 930 3028 profecto
953 2941 1101 3028 equidem
1121 2962 1164 3005 ne
1185 2964 1283 3005 unum
1305 2941 1373 3026 qui·

326 3040 401 3104 dem
428 3040 610 3127 exemplum
635 3042 776 3127 reperire
803 3042 905 3127 potui,
936 3063 998 3128 quo
1026 3042 1072 3105 sic
1100 3041 1305 3105 coniunctum
1331 3041 1374 3105 sit

325 3140 406 3205 lubet
431 3162 503 3204 cum
530 3140 738 3206 substantivo.
793 3139 906 3206 Altera
933 3140 1119 3227 explicandi
1145 3140 1242 3223 ratio,
1275 3160 1374 3225 quam

325 3250 451 3305 secutus
473 3250 521 3305 est
543 3240 684 3327 Silligius
705 3242 739 3305 iu
761 3240 812 3304 ed.
834 3264 866 3326 p.
886 3240 973 3325 227.,
996 3261 1036 3303 ea
1057 3249 1118 3323 est,
1140 3249 1175 3305 ut
1195 3238 1372 3303 solaciolum

325 3339 366 3403 sit
387 3340 597 3423 accusativus,
623 3350 714 3424 aptus
737 3362 755 3403 e
776 3337 878 3405 verbo
899 3339 1039 3423 iocandi,
1061 3337 1148 3425 quod
1170 3339 1216 3403 sic
1236 3337 1374 3402 haberet

412 3572 437 3637 1)
467 3572 498 3623 Ut
514 3572 612 3638 legitur
629 3573 710 3622 etium
726 3574 755 3621 in
771 3573 892 3637 margine
909 3572 951 3622 ed.
963 3573 1079 3633 vicent,
1097 3571 1130 3621 de
1147 3588 1201 3638 qua
1216 3571 1373 3623 Huschkius

305 3665 350 3722 ⁴p.
368 3656 439 3706 353.:
469 3654 537 3707 Sunt
556 3654 734 3707 adnotationes
754 3664 778 3707 et
797 3655 964 3706 correctiones
978 3655 1057 3706 buius
1073 3655 1192 3707 editionis
1208 3655 1374 3707 Bernardini
1406 3687 1410 3693 ·

323 3740 423 3804 Pisauri,
441 3740 488 3806 qui
502 3739 531 3791 in
547 3739 615 3791 culce
631 3756 722 3791 ecc-um
737 3738 800 3791 bace
816 3738 964 3803 adscripsit:
985 3738 1169 3804 Bemmrdiuus
1180 3738 1293 3789 Pisanus
1309 3738 1375 3789 baec

324 3823 466 3875 adnotabat
482 3823 642 3875 brumalibus
657 3821 761 3889 amillio,
782 3821 882 3873 collatis
898 3822 957 3873 aliis
974 3822 1163 3887 exemplaribus
1178 3830 1280 3873 secutus
1290 3820 1374 3888 fidem

322 3906 506 3972 probatissimi,
528 3906 573 3973 qui
593 3905 686 3973 (quod)
698 3905 756 3972 fuit
771 3905 907 3956 Francisri
922 3906 1013 3957 Paccii
1028 3903 1093 3972 (fuit
1107 3905 1153 3955 iste
1169 3904 1281 3955 Paccius
1298 3898 1376 3955 danss

323 3990 403 4055 palus
420 3989 555 4055 Politiuni)
572 3989 732 4040 Irittcrurum
747 3988 842 4040 Laude
861 3989 969 4055 insiynis
986 4004 1054 4038 anno
1073 3985 1154 4037 1522.
1187 3988 1271 4037 Hisce
1289 4001 1374 4053 quan-

323 4075 378 4121 tum
395 4071 562 4123 tribuendum
580 4073 621 4134 sit,
640 4072 717 4121 docet
728 4072 846 4136 Heysius
863 4089 889 4138 p.
901 4073 959 4122 289.
973 4086 1040 4135 sqq„
1057 4071 1135 4120 nimis
1151 4069 1264 4121 fortasse
1277 4085 1375 4129 severe

324 4151 454 4206 indicens.
