3392 4959
322 750 485 837 Hauptius
506 748 595 813 hisce
617 749 780 833 exposuit:
828 748 885 832 „Si
907 770 1057 833 umquam
1079 750 1228 835 cuiquam
1249 748 1372 813 homini

322 850 436 913 merito
453 849 588 933 contigit
603 857 637 911 ut
650 846 741 911 hirco
757 857 789 910 et
803 846 954 933 podagra
967 845 1140 930 laboraret,
1153 845 1296 911 aemulus
1310 848 1374 911 iste

323 956 395 1011 tuus
413 956 582 1033 utrumque
601 938 721 1012 malum
739 947 944 1009 meritissimo
962 954 994 1009 et
1007 967 1115 1030 poena
1129 947 1303 1009 iustissima
1317 966 1373 1008 na-

324 1054 394 1109 ctus
410 1054 467 1109 est.
496 1045 581 1108 Nam
596 1045 743 1130 quotiens
816 1066 876 1129 sqq
878 1091 988 1108 .......
991 1045 1010 1079 “
1037 1043 1103 1108 Sed
1117 1045 1152 1106 in
1166 1043 1224 1127 his,
1240 1064 1371 1129 quaeso,

324 1164 405 1230 quae
420 1144 560 1207 notionis
574 1142 721 1207 merendi
735 1142 903 1227 gravitas?
922 1141 1025 1205 Immo
1037 1142 1071 1204 in
1079 1140 1196 1205 Catulli
1208 1140 1318 1205 verbis
1331 1140 1372 1204 de

323 1233 566 1326 „meritissimo“
580 1251 612 1305 et
626 1238 818 1325 „iustissima
832 1242 958 1326 poena“
973 1238 1054 1328 udde
1068 1246 1146 1333 γρῦ,
1165 1240 1244 1303 dicit
1259 1250 1375 1325 poeta:-

206 1385 211 1400 -.
324 1345 440 1406 mirifice
459 1353 570 1404 nomae
591 1353 642 1423 eat,
668 1339 754 1425 quod
776 1340 855 1424 quid
877 1341 918 1404 sit
934 1350 1047 1425 postea
1061 1338 1254 1402 videbimus.
1282 1338 1372 1403 Illius

324 1450 431 1504 autem
456 1440 577 1521 merito,
605 1438 691 1524 quod
718 1461 750 1503 v.
772 1439 802 1501 2.
825 1438 955 1523 legitur,
984 1459 1024 1502 ea
1043 1439 1220 1523 praecipua
1240 1438 1291 1501 vis
1313 1446 1372 1520 est,

324 1548 360 1603 ut
379 1536 549 1622 augendae
568 1539 692 1601 ironiae
707 1538 873 1600 inserviat.
900 1537 994 1619 Nam,
1010 1547 1045 1600 ut
1060 1536 1253 1600 sententiam
1266 1557 1373 1598 meam

238 1660 240 1664 ’
324 1636 532 1721 patefaciam,
565 1646 675 1721 aperte
707 1634 811 1699 illudit
840 1634 982 1699 Catullus
1015 1644 1047 1699 et
1079 1656 1165 1718 eum,
1199 1634 1242 1697 ad
1277 1655 1374 1719 quem

325 1736 452 1820 scripsit
473 1734 535 1799 hoc
557 1756 696 1817 carmen,
719 1745 751 1797 et
772 1734 932 1797 aemulum
948 1735 1026 1797 eius.
1052 1733 1173 1797 Annon
1189 1733 1251 1796 hoc
1267 1734 1374 1817 ipsum

325 1832 533 1897 salsissimum
555 1844 611 1915 est,
633 1854 774 1916 narrare,
797 1833 936 1917 aliquem
958 1854 976 1895 e
998 1832 1122 1917 puellae
1143 1832 1249 1916 gratia
1265 1828 1375 1916 depul-

325 1954 396 1996 sum
424 1953 494 1995 esse
522 1930 563 1995 ab
591 1930 730 2014 aemulo,
758 1954 798 1994 ac
825 1931 882 1995 tali
910 1930 1039 2017 quidem
1064 1928 1213 1993 aemulo?
1256 1930 1373 1993 Nonne

325 2030 398 2094 talis
426 2029 616 2114 consolatio,
643 2032 833 2115 praesertim
861 2032 888 2094 si
914 2053 972 2115 per
994 2031 1134 2115 speciem
1156 2030 1255 2091 animi
1276 2026 1373 2091 bene-

324 2129 391 2193 voli
417 2127 623 2211 adhibeatur,
655 2128 860 2192 festivissime
886 2128 1051 2191 irridentis
1079 2129 1148 2191 est?
1198 2126 1301 2211 quue
1328 2127 1376 2188 ita

325 2229 505 2291 institutum
533 2250 602 2291 esse
630 2249 650 2290 a
676 2236 774 2312 poeta
799 2228 926 2311 opinor,
954 2237 1001 2309 ut,
1029 2247 1124 2312 quem
1145 2223 1374 2287 enumerandis

325 2327 443 2390 aemuli
463 2326 676 2389 incommodis
700 2327 919 2389 commisereri
940 2324 1118 2407 videretur,
1141 2325 1209 2387 eius
1231 2345 1322 2408 spem
1341 2346 1373 2386 v.

325 2424 355 2489 4.
384 2425 489 2489 subito
516 2426 621 2489 ironia
647 2424 857 2488 acerbissima
884 2423 1035 2487 eluderet.
1078 2421 1131 2486 Ibi
1153 2423 1239 2485 enim
1259 2419 1373 2506 probo,

325 2524 360 2587 in
387 2546 484 2609 quam
510 2533 542 2587 et
568 2525 637 2609 ipse
664 2523 856 2606 incideram,
880 2514 990 2586 Vossii
1011 2521 1196 2585 lectionem:
1240 2520 1376 2605 Mirifice

326 2636 372 2685 est
399 2645 436 2685 ac
463 2636 496 2686 ta
516 2636 625 2686 auctus
646 2635 805 2705 utramque
826 2622 955 2704 malam,
983 2643 1079 2707 quam
1100 2620 1208 2683 statim
1229 2618 1374 2704 pluribus

328 2720 510 2785 defendam.
544 2722 612 2786 Sed
633 2732 667 2785 ut
688 2720 815 2801 redeat,
837 2720 924 2783 unde
946 2719 1110 2783 aberravit
1128 2719 1244 2801 oratio,
1267 2739 1376 2803 quam·

327 2842 423 2906 quam
449 2820 609 2907 Hauptius
640 2842 758 2883 nomen
788 2820 929 2883 Virronis
960 2841 991 2882 v.
1021 2819 1049 2881 1.
1077 2818 1154 2881 ferri
1186 2839 1252 2880 non
1278 2837 1375 2901 posse

327 2929 415 2983 recte
436 2920 532 3003 vidit,
560 2929 681 3002 tamen,
704 2918 792 3004 quod
814 2920 943 2981 omnino
965 2918 1095 2981 nomine
1116 2917 1247 3002 proprio
1271 2915 1384 2978 careri-

327 3040 422 3103 posse
444 3042 474 3082 v.
500 3019 527 3081 1.
549 3029 653 3103 putat,
675 3017 772 3101 longe
793 3016 872 3079 mihi
894 3038 985 3079 secus
1007 3014 1143 3079 videtur.
1184 3015 1270 3077 Nam
1290 3013 1376 3076 hanc

327 3115 427 3179 habet
449 3116 712 3178 consuetudinem
730 3114 882 3198 Catullus,
903 3125 938 3177 ut
959 3115 992 3176 in
1010 3115 1049 3177 iis
1066 3112 1270 3195 carminibus,
1293 3133 1377 3196 quae

329 3213 372 3276 ad
399 3223 504 3276 certos
529 3213 675 3277 homines
701 3213 827 3295 scribit,
856 3235 951 3298 quam
972 3214 1110 3297 primum
1130 3220 1236 3296 potest
1256 3231 1376 3273 nomen

226 3329 228 3331 ’
328 3312 494 3397 proprium
508 3322 622 3398 ponat3
645 3312 685 3377 cf.
702 3314 740 3397 V,
759 3314 797 3395 1.,
818 3312 875 3395 VI,
894 3313 931 3395 1.,
953 3311 1026 3394 VII,
1038 3312 1078 3394 2.,
1100 3309 1191 3393 VIH,
1204 3310 1242 3392 1.,
1264 3309 1323 3392 IX,
1337 3309 1375 3393 1.,

328 3411 369 3494 Χ,
392 3412 429 3495 1.,
452 3411 510 3494 XI,
530 3412 567 3494 1.,
590 3411 665 3495 XII,
682 3412 720 3494 1.,
742 3410 836 3493 XIII,
854 3411 891 3494 1,
913 3410 1002 3493 XIV,
1018 3410 1057 3494 2.,
1080 3409 1152 3492 XV,
1168 3410 1207 3492 2.,
1229 3408 1319 3492 XVI,
1334 3408 1375 3492 2.,

328 3509 422 3593 XXI,
446 3511 483 3593 1,
511 3510 620 3594 XXII,
644 3511 682 3592 1.,
709 3510 837 3593 XXIII,
861 3510 899 3592 1.,
925 3509 1031 3593 XXV,
1056 3510 1093 3591 1.,
1120 3507 1244 3591 XXVI,
1267 3510 1295 3571 1.
1318 3507 1375 3571 dvc.

329 3607 426 3687 Quod
452 3630 530 3673 vero
557 3610 718 3694 Hauptius
746 3630 987 3695 nonnumquam
1013 3610 1185 3693 migratam
1212 3628 1282 3670 esse
1305 3628 1377 3669 eam

328 3707 436 3793 legem
457 3730 492 3771 se
509 3707 775 3771 animadvertisse
792 3707 904 3770 dicens
918 3716 1075 3792 provocat
1089 3705 1132 3768 ad
1147 3703 1261 3768 Catull.
1278 3726 1375 3769 carm.

330 3807 424 3891 clv,
448 3807 483 3870 id
502 3805 620 3870 nollem
636 3806 775 3889 fecisset,
798 3828 895 3891 quum
912 3804 953 3869 de
971 3806 1038 3869 eius
1059 3804 1210 3867 carminis
1226 3802 1378 3867 versiculi

329 3908 483 3991 postremi
504 3907 689 3992 integritate
710 3928 778 3969 non
797 3914 935 3988 constet,
958 3904 1017 3968 sed
1033 3904 1086 3967 fac
1103 3912 1252 3967 constare
1268 3900 1378 3988 ibique

334 4005 479 4091 Tappone
500 4007 675 4089 genuinum
697 4026 783 4088 esse,
804 4014 937 4091 propter
956 4003 1020 4067 hoc
1041 4004 1145 4088 ipsum
1166 4022 1286 4066 nomen
1306 4022 1378 4086 pro·

330 4126 448 4169 nomen
470 4118 503 4168 ta
529 4103 575 4187 (v.
597 4104 643 4191 4.)
669 4102 769 4169 habet
791 4104 1047 4186 excusationem3
1075 4101 1150 4166 licet
1170 4102 1257 4170 enim
1279 4101 1378 4188 suspi-
