3392 4959
829 544 874 616 24

326 755 533 841 defendatur,
566 760 599 821 in
630 766 781 842 promptu
814 767 877 841 est3
911 781 1016 846 neque
1045 759 1195 846 equidem
1221 758 1375 847 intelligo,
1443 836 1446 840 ¹

325 879 390 943 quo
412 859 482 923 iure
504 856 697 943 Spengelius
719 877 794 919 eum
815 855 858 920 ob
880 879 974 922 acres
996 881 1123 924 morsus
1148 882 1290 945 nequam
1312 860 1376 924 dici

324 979 421 1041 posse
447 964 559 1041 neget3
587 954 622 1018 id
648 965 756 1020 autem
782 956 868 1042 fieri,
894 959 1072 1045 inquere
1094 959 1189 1024 etiam
1211 958 1255 1022 ad
1278 981 1375 1025 carm.

325 1056 385 1120 ΙΠ.
406 1054 645 1141 respiciendum
666 1065 723 1140 est,
745 1056 802 1142 qui
823 1056 917 1122 huius
938 1060 1010 1124 avis
1031 1070 1178 1124 naturam
1200 1079 1378 1145 sanequam

323 1175 497 1239 procacem
528 1155 691 1238 noverint,
723 1157 857 1221 minime
871 1158 1096 1225 mirabuntur.
1144 1157 1257 1243 Neque
1284 1159 1378 1224 aliter

324 1254 428 1317 sentio
452 1253 492 1318 de
515 1255 615 1320 altero
637 1254 794 1320 Martialis
816 1255 902 1343 loco,
924 1258 1002 1343 VH,
1027 1259 1075 1342 14,
1096 1259 1143 1324 4.:
1178 1257 1302 1339 Lesbia
1323 1280 1374 1321 oe-

323 1354 433 1441 qus'ts‘sis
457 1358 600 1441 passeres
627 1356 703 1419 orba
724 1356 789 1435 sai,
817 1378 881 1441 quo
903 1378 1002 1420 versu
1023 1357 1064 1420 de
1086 1359 1232 1422 innocuis
1253 1356 1377 1421 lusibus
1436 1340 1441 1350 ⁸

323 1454 381 1537 agi
403 1453 507 1520 elucet
527 1478 625 1542 quum
646 1477 676 1519 v.
701 1454 729 1518 I.
751 1452 827 1518 illuc
848 1452 1036 1517 referendo:
1062 1453 1136 1515 Lus
1155 1475 1223 1515 mea
1243 1476 1304 1515 non
1326 1478 1376 1515 cco

319 1553 411 1635 piton
424 1552 526 1641 ungit,
549 1562 618 1617 tum
638 1577 669 1618 v.
692 1548 721 1616 9.
745 1562 777 1618 et
799 1552 848 1616 10.
855 1602 864 1635 ,
886 1546 1250 1636 quorumobscoenitas
1272 1547 1372 1632 ipsius

324 1650 467 1716 Lesbiae
500 1662 532 1715 et
560 1651 718 1717 Ianthidis
749 1648 946 1736 puellaribus
978 1645 1101 1712 deliciis
1129 1666 1150 1709 a
1175 1656 1272 1732 poeta
1299 1667 1373 1709 cum

323 1752 419 1836 gravi
440 1752 545 1843 ironia
566 1752 747 1839 opponitur.
781 1748 910 1811 Tertius
932 1745 1071 1832 denique
1092 1745 1251 1810 Martialis
1271 1744 1372 1830 lesus,

323 1850 369 1914 ad
390 1874 486 1936 quem
508 1849 702 1937 Spengelius
723 1856 893 1933 provocat,
914 1845 1031 1929 legitur
1051 1844 1108 1930 IV,
1131 1846 1185 1928 14,
1209 1845 1273 1910 11.:
1310 1847 1316 1864 ⁰

471 1948 537 2011 Neo
558 1960 646 2010 torva
667 1948 729 2031 depe
740 1945 851 2030 fronte
872 1944 929 2008 sed
946 1945 1079 2008 remmso

471 2045 616 2109 Lascivis
636 2042 780 2107 mads'dos
800 2044 879 2107 cocis
900 2044 1028 2109 litotes.

472 2143 526 2210 sir
537 2144 657 2231 forsan
677 2154 760 2206 tener
779 2166 878 2207 ossus
899 2157 944 2208 est
965 2142 1108 2209 Catullus

471 2243 585 2330 Mopso
607 2244 724 2307 mittere
741 2266 902 2328 passerem
923 2243 1059 2307 Maroni.

323 2342 392 2409 Sed
414 2365 513 2430 quum
532 2350 631 2429 poeta
651 2343 706 2407 hie
727 2353 908 2429 temporum
929 2344 1088 2408 rationem
1109 2340 1188 2405 nihil
1211 2340 1373 2405 curaverit

322 2443 379 2528 (of.
407 2442 528 2530 Haupt.
557 2442 690 2524 Quaest.
717 2466 749 2530 p.
774 2443 854 2527 14),
881 2452 949 2507 tum
974 2452 1064 2506 recte
1091 2440 1270 2527 explicant,
1300 2462 1373 2503 eum

322 2541 354 2605 ln
370 2541 390 2606 l.
413 2540 492 2605 nihil
510 2541 599 2606 aliud
621 2551 781 2627 spectare,
803 2543 867 2605 nisi
883 2552 918 2605 ut
933 2540 1047 2605 Silium
1061 2538 1209 2603 Italicum
1224 2539 1371 2623 Virgilio,
1479 2615 1482 2622 Ι

322 2662 358 2705 se
380 2640 506 2705 Catullo
530 2640 686 2705 conserat.
715 2640 885 2704 Sententia
906 2640 1005 2726 igitur
1025 2637 1108 2702 haec
1130 2646 1191 2701 est:
1215 2637 1260 2701 Ut
1280 2647 1374 2701 tener

322 2741 344 2805 i.
360 2763 388 2805 e.
411 2762 555 2804 amorum
571 2748 668 2825 poeta
684 2736 828 2802 Catullus
843 2737 985 2821 Maroni,
1008 2758 1131 2801 summo
1154 2737 1255 2823 spice,
1279 2728 1372 2800 suum

322 2840 366 2903 de
391 2860 523 2924 passere
549 2859 682 2901 carmen
708 2837 844 2900 fortasse
871 2837 998 2900 mittere
1025 2858 1121 2900 ausus
1143 2845 1206 2919 est,
1235 2836 1281 2899 sic
1310 2856 1371 2920 ego

321 2936 397 3021 tibi,
424 2936 501 3003 belli
521 2936 635 3000 Punici
657 2935 792 2999 secundi
812 2945 942 3022 poetae,
971 2934 1108 3017 consuli,
1136 2935 1192 3021 qui
1218 2955 1373 3018 magnum

322 3037 496 3123 Virgilium
506 3035 642 3099 feliciter
656 3034 826 3099 aemularis
843 3033 901 3119 (cf.
913 3034 985 3117 VII,
996 3034 1047 3098 63.
1059 3033 1149 3116 VIII,
1161 3033 1211 3097 66.
1223 3033 1282 3116 XI,
1294 3033 1371 3116 48.),

322 3137 382 3204 hos
403 3136 542 3200 lascivos
560 3134 684 3199 libellos
706 3136 813 3218 mitto,
835 3155 987 3220 precans,
1010 3144 1057 3216 ut,
1076 3134 1220 3219 paullum
1236 3133 1372 3217 seposita

321 3238 496 3316 secessisse,
523 3236 562 3298 iis
588 3231 734 3319 legendis
757 3232 881 3319 aliquid
900 3234 1054 3319 temporis
1076 3232 1252 3318 impertias
1296 3230 1374 3293 Ter-

323 3337 403 3399 tium
420 3335 520 3417 igitur
538 3333 794 3417 comparationis,
818 3331 907 3418 quod
925 3331 1033 3396 dicere
1051 3332 1285 3413 consuevimus,
1306 3351 1373 3393 non

323 3434 358 3496 in
380 3432 557 3495 carminum
581 3429 634 3493 vel
654 3430 789 3494 lascivia
810 3430 864 3494 vel
885 3431 1076 3494 castimonia
1097 3439 1160 3513 est,
1189 3428 1247 3493 sed
1269 3430 1302 3491 in
1324 3449 1373 3490 ar-

321 3537 550 3617 gumentorum
581 3526 634 3592 vel
664 3526 804 3594 levitate.
828 3527 881 3592 vel
913 3529 1084 3614 gravitate.
1132 3527 1229 3609 Quod
1252 3529 1374 3616 forsan

324 3630 409 3694 dixit
434 3627 554 3711 v.13.,
581 3628 712 3691 memini
738 3649 790 3691 me
816 3626 926 3712 legere
954 3628 1063 3692 nescio
1087 3650 1183 3715 quem
1204 3626 1240 3691 id
1261 3628 1307 3690 ita
1328 3624 1374 3688 di-

323 3740 412 3794 ctum
439 3750 509 3792 esse
536 3725 724 3812 observare,
751 3736 786 3791 ut
811 3735 909 3813 poeta
931 3725 993 3790 sibi
1015 3727 1056 3791 de
1077 3729 1125 3792 rei
1147 3728 1285 3793 veritate
1305 3745 1374 3788 non

322 3839 473 3893 constare
500 3826 552 3892 vel
578 3849 613 3891 se
640 3848 713 3891 eam
736 3848 853 3913 parum
875 3848 988 3890 curare
1009 3826 1178 3891 indicaret.
1220 3825 1374 3910 Denique

321 3926 519 4016 Spengelius
550 3927 584 3988 in
615 3936 725 4012 partes
753 3948 827 3990 suas
854 3924 994 3989 adscivit
1020 3925 1174 4012 Appuleii
1199 3919 1375 3989 Minutiani

323 4046 356 4114 p.
380 4026 429 4091 13.
453 4023 505 4090 ed.
529 4022 650 4089 Osann.
673 4024 780 4089 locum
801 4024 948 4089 mutilum
968 4023 1109 4088 huncce:

472 4136 719 4208 ...poeto
740 4122 1046 4208 domasiopossere
1067 4146 1123 4188 suo
1169 4173 1178 4189 .
1222 4168 1229 4187 .
1275 4170 1303 4204 .,
