3392 4959
837 522 858 593 2

329 762 424 825 quem
446 761 474 801 a.
497 736 776 801 MOOOLXXVI.
799 740 954 824 scriptum
976 760 1046 801 esse
1070 748 1204 802 constat.
1243 737 1372 823 Reliqui

329 860 438 902 omnes
466 837 533 900 fere
561 836 688 899 saeculo
717 836 845 899 demum
867 838 942 901 XV.
971 840 1083 923 scripti
1110 848 1183 900 sunt
1206 860 1306 923 aeque
1329 838 1372 899 ad

326 940 430 1022 ipsam
449 938 616 998 inventam
632 946 733 998 artem
750 936 1029 1021 typographicam.
1067 938 1211 1016 Quorum
1229 939 1371 1000 omnium

326 1036 431 1100 nullus
452 1057 558 1119 neque
581 1036 771 1097 auctoritate
797 1037 843 1097 ita
869 1046 999 1121 praeter
1021 1046 1144 1098 ceteros
1172 1035 1314 1118 excellit,
1337 1046 1372 1099 ut

327 1136 371 1199 ad
393 1138 460 1198 eius
482 1155 629 1197 normam
651 1134 833 1197 emendatio
857 1134 1040 1198 Catulliana
1059 1135 1165 1219 redigi
1184 1136 1299 1220 possit,
1318 1156 1372 1196 ne
1469 1199 1472 1208 ,

328 1257 402 1319 que,
430 1245 465 1297 ut
490 1256 577 1296 nunc
602 1256 653 1296 res
676 1244 738 1315 est,
765 1242 933 1319 tantopere
955 1235 1073 1317 sordet,
1100 1245 1135 1297 ut
1155 1234 1251 1319 plane
1273 1233 1372 1318 negli-

327 1333 452 1419 gendus
485 1334 535 1396 sit.
586 1332 737 1396 Ceterum
763 1332 908 1418 plurimis
936 1333 1015 1397 locis
1045 1343 1101 1396 aut
1128 1332 1288 1395 lacunosis
1316 1341 1371 1394 aut

328 1434 486 1519 corruptis
514 1442 581 1495 tam
608 1433 687 1494 mire
715 1434 934 1516 consentiunt,
966 1442 1015 1515 ut,
1049 1434 1076 1494 si
1105 1434 1161 1517 qui
1187 1431 1372 1517 discrepent

326 1532 484 1617 nullisque
507 1530 750 1595 difficrdtatibus
772 1532 971 1618 implicatam
992 1530 1171 1617 praebeant
1191 1530 1370 1612 lectionem,

326 1632 514 1719 plerumque
537 1653 592 1694 eos
621 1641 768 1716 apertum
794 1633 835 1695 sit
856 1633 1041 1717 inquinatos
1063 1652 1134 1694 esse
1155 1629 1372 1715 interpolatio-

326 1731 436 1814 nibus,
465 1752 547 1815 quae
575 1730 706 1816 quidem
732 1732 766 1793 in
792 1730 900 1794 multis
927 1741 993 1794 tam
1015 1730 1200 1815 frequentes
1222 1740 1310 1811 sunt,
1336 1738 1372 1791 ut

326 1830 402 1892 inde
430 1830 509 1892 nihil
535 1830 603 1893 fere
630 1829 766 1893 subsidii
792 1830 834 1892 ad
861 1829 1066 1893 emendanda
1088 1828 1207 1892 Catulli
1229 1829 1372 1891 carmina

326 1929 393 2016 peti
422 1938 527 2013 queat.
570 1927 625 1990 Ex
650 1929 713 1991 ista
734 1938 843 1991 autem
864 1929 1029 2013 farragine
1051 1928 1147 1991 hodie
1168 1927 1238 1991 fere
1260 1928 1372 2013 optimi

327 2037 499 2090 censentur
521 2026 630 2091 Caroli
652 2028 744 2109 Dati,
773 2049 968 2113 quamquam
995 2028 1036 2091 de
1057 2027 1120 2091 hoc
1141 2028 1232 2090 varie
1252 2026 1372 2089 iudica-

326 2138 394 2190 tum
430 2137 493 2209 est,
529 2138 561 2190 et
593 2126 763 2189 Laurentii
795 2126 942 2191 Sentenii
975 2126 1094 2210 codex,
1132 2124 1371 2207 Germanensis,

328 2226 546 2309 Oolbertinus,
579 2225 696 2311 quibus
729 2227 990 2312 aequiparandas
1023 2226 1102 2289 dicit
1128 2226 1271 2311 Heysius
1298 2224 1372 2287 Am-

325 2326 513 2390 brosianum
535 2336 566 2389 et
589 2324 789 2390 Urbinatem.

408 2426 479 2487 Iam
505 2425 619 2489 horum
647 2448 707 2511 ope
738 2425 816 2510 quid
841 2427 1031 2511 praestitum
1058 2426 1099 2488 sit
1127 2447 1146 2487 a
1167 2425 1245 2488 viris
1268 2423 1372 2487 doctis

327 2526 624 2607 circumspectantis
646 2526 789 2586 animum
810 2525 910 2587 tristis
932 2523 1018 2588 subit
1041 2524 1203 2609 cogitatio,
1224 2522 1294 2586 fore
1310 2522 1373 2585 for·

325 2633 411 2685 tasse
438 2643 627 2706 numquam,
654 2632 690 2685 ut
717 2622 958 2706 elegantissima
984 2633 1101 2709 poetae
1130 2623 1274 2686 carmina
1302 2622 1372 2685 sine

324 2722 397 2785 ullis
434 2720 568 2783 maculis
605 2722 716 2784 nativo
753 2722 859 2784 nitore
896 2744 954 2785 suo
992 2722 1228 2808 splendescant.
1290 2720 1373 2785 Sunt

325 2842 446 2906 magna
466 2822 611 2902 nomina3
634 2829 669 2883 ut
689 2820 843 2888 nonnulla
863 2832 949 2885 certe
968 2843 1225 2904 commemorem,
1244 2820 1371 2902 Mureti,

327 2920 500 3005 Scaligeri,
534 2919 656 3002 Vossii,
692 2918 909 3003 Lachmanni,
946 2921 1002 3006 qui
1040 2942 1236 3005 quamquam
1271 2919 1373 2983 multa

326 3019 552 3103 emendarunt,
579 3019 673 3105 plura
695 3011 803 3081 tamen
829 3019 883 3083 vel
904 3021 1063 3083 intentata
1088 3019 1142 3083 vel
1166 3041 1233 3082 non
1258 3029 1373 3082 sanata

325 3120 531 3205 reliquerunt.
564 3119 743 3183 Maximum
764 3129 873 3182 autem
888 3118 1163 3203 impedimentum,
1186 3140 1249 3203 quo
1266 3120 1372 3182 minus

324 3222 358 3281 in
381 3221 456 3282 crisi
478 3218 662 3282 Catulliana
683 3218 790 3283 adhuc
816 3219 997 3305 profectum
1023 3220 1078 3301 sit,
1105 3220 1139 3282 in
1165 3240 1203 3281 eo
1230 3219 1372 3303 positum

326 3340 396 3381 esse
414 3316 560 3400 arbitror,
578 3317 665 3402 quod
679 3318 823 3381 nondum
839 3318 1014 3381 editionem
1029 3316 1205 3381 habeamus
1223 3317 1372 3380 codicum
1477 3378 1482 3385 .

326 3415 554 3502 supellectilem
572 3417 725 3498 criticam,
743 3418 889 3501 quamvis
907 3437 1004 3502 saepe
1021 3417 1152 3499 futilem,
1170 3427 1270 3480 totam
1288 3437 1372 3478 com-

324 3515 528 3600 plectentem.
561 3516 646 3579 Nam
661 3524 791 3601 praeter
807 3536 862 3578 eas
879 3515 1042 3599 lectiones,
1060 3538 1143 3601 quae
1160 3538 1180 3579 a
1196 3516 1236 3580 V.
1253 3516 1295 3579 D.
1313 3538 1373 3600 per

326 3616 531 3678 occasionem
557 3625 825 3678 commemoratae
852 3636 1049 3702 sparsaeque
1076 3616 1241 3701 leguntur,
1274 3616 1371 3677 trium

326 3715 474 3777 codicum
500 3715 644 3799 integras
671 3713 857 3778 collationes
885 3714 1040 3778 debemus
1063 3715 1188 3800 Silligio
1214 3725 1246 3777 et
1267 3713 1372 3776 Lach-

324 3836 458 3897 manno,
486 3837 622 3898 quorum
642 3813 695 3876 ille
717 3813 950 3898 Dresdensem,
976 3815 1028 3878 hic
1049 3816 1216 3879 Datanum
1239 3824 1271 3877 et
1293 3812 1372 3877 San-

324 3915 491 3977 tenianum
512 3923 595 3975 totos
623 3912 778 3977 exhibuit.

409 4012 534 4075 Horum
555 4012 655 4095 igitur
677 4010 828 4075 subsidiis
852 4012 929 4098 quid
952 4012 1080 4075 efficere
1097 4034 1273 4099 possemus,
1295 4033 1372 4075 nou-

322 4110 416 4173 nullis
443 4110 522 4175 locis
549 4111 760 4192 tentavimus3
795 4131 859 4195 qua
887 4113 921 4173 in
947 4133 983 4174 re
1010 4122 1140 4196 praeter
1166 4133 1220 4195 ea,
1254 4110 1372 4197 quibus
