3392 4959
838 484 857 553 ³

324 703 461 788 quisque
483 702 516 763 in
539 700 652 785 quovis
674 708 758 763 ttrac
745 698 845 762 tando
868 700 1025 784 scriptore
1048 698 1176 760 criticus
1197 696 1332 760 obstt
1257 707 1332 760 ttnc
1333 720 1369 760 us

324 811 412 864 tenet
414 824 459 881 ur,
481 797 575 862 nobis
597 798 760 884 peculiare
778 797 967 911 quoddam
958 797 1113 881 rmprimis
1131 767 1370 859 observandum

324 899 393 962 suit.
431 898 562 961 Etenim
583 898 788 980 mendorum,
811 897 950 982 quaein
973 895 1066 959 codd.
1091 895 1281 959 Catullianis
1303 917 1370 959 sae-

323 999 455 1083 pissime
477 996 575 1061 obvia
597 1007 684 1080 sunt,
711 1006 828 1059 natura
855 997 1001 1080 cogimur
1022 1005 1176 1078 statuere,
1204 994 1370 1080 exemplar

324 1096 403 1160 illud
424 1098 612 1161 Veronense
634 1106 701 1159 tam
722 1094 805 1157 male
826 1095 927 1158 fuisse
948 1096 1116 1180 scriptum,
1143 1104 1177 1157 ut
1198 1094 1305 1158 multis
1327 1095 1370 1157 lo-

324 1198 370 1259 cis
397 1195 463 1281 legi
489 1197 546 1259 vix
572 1204 690 1281 posset.
733 1194 827 1258 Idem
849 1196 927 1279 quin
949 1204 1118 1257 exaratum
1137 1193 1235 1258 fucrit
1255 1195 1370 1258 litteris

323 1295 524 1377 minusculis,
553 1293 694 1358 dubitari
720 1316 786 1357 non
812 1303 933 1380 potest3
961 1293 1059 1356 fuisse
1081 1304 1189 1355 autem
1211 1295 1371 1379 scriptura

324 1392 577 1477 Langobardica
614 1392 789 1457 admodum
826 1391 1039 1479 probabiliter
1073 1394 1195 1477 primus
1232 1394 1370 1456 coniecit

268 1503 272 1512 '
324 1491 479 1577 Scaliger,
503 1514 642 1577 quocum
662 1492 741 1555 facit
756 1492 914 1576 Heysius3
936 1492 1011 1555 huic
1028 1502 1114 1554 certe
1132 1491 1369 1577 quodammodo

324 1591 419 1655 simili
446 1590 595 1655 concedit
622 1592 784 1676 Hauptius
807 1592 940 1670 Quaest.
964 1590 1079 1654 Catull.
1101 1614 1133 1677 p.
1157 1591 1221 1673 82,
1250 1614 1370 1677 eosque

323 1701 411 1753 recte
444 1692 607 1772 statuisse,
641 1690 800 1776 quidquid
832 1689 1001 1754 oblocutus
1029 1700 1078 1754 est
1103 1689 1309 1753 Frochnerus
1336 1692 1370 1753 in

322 1790 475 1853 Leutseh.
503 1789 616 1853 Philol.
646 1790 742 1872 XIV,
773 1813 804 1876 p.
832 1789 905 1854 568.
933 1812 1018 1876 sqq.,
1045 1789 1206 1853 nonnullis
1233 1789 1370 1854 fortasse

321 1899 505 1953 nostrarum
525 1891 782 1952 coniecturarum
803 1888 1054 1953 confirmabitur.
1081 1887 1370 1973 Langobardicum

323 2010 400 2051 vcro
439 2011 541 2072 genus
574 1988 752 2052 litterarum
785 2011 882 2075 quam
910 2010 1025 2075 parum
1053 1987 1149 2051 fuerit
1176 1987 1297 2051 clarum
1326 1988 1371 2052 di·

324 2087 553 2172 stinctumque,
577 2087 658 2150 disci
679 2097 786 2173 potest
809 2088 925 2170 exiis,
953 2109 1037 2173 quae
1058 2085 1225 2150 Mabillon.
1248 2088 1300 2151 Dc
1321 2088 1370 2150 Re

323 2184 465 2269 Diplom.
488 2209 520 2270 p.
542 2186 677 2249 ‹to-49.
706 2186 884 2271 disputavit
911 2208 994 2271 eque
1020 2184 1263 2270 speciminibus,
1286 2208 1370 2271 quae

325 2283 416 2347 dedit
442 2282 520 2347 ibid.
548 2307 579 2369 p.
602 2284 673 2347 353.
697 2294 781 2369 etp.
804 2284 892 2366 447.;
920 2284 963 2347 ab
990 2283 1043 2347 illo
1071 2293 1180 2347 tamen
1206 2307 1272 2347 non
1293 2285 1370 2348 mul·

323 2392 391 2445 tum
419 2382 564 2446 diversas
592 2379 690 2445 fuisse
717 2383 840 2446 litteras
866 2382 1061 2446 minusculas
1083 2383 1203 2446 saeculi
1224 2384 1315 2447 VIII.
1339 2394 1389 2448 et·

324 2482 383 2545 IX.
412 2482 576 2567 vulgatas,
609 2505 652 2545 ex
684 2482 829 2546 eiusdem
859 2481 934 2545 libri
959 2505 991 2568 p.
1019 2482 1090 2545 361.
1118 2505 1188 2568 sqq.
1213 2482 1370 2548 ¹exhibitis

257 2653 259 2658 ¹
323 2580 551 2665 speciminibus
573 2580 779 2666 intelligetur.
806 2582 959 2667 Denique
983 2603 1082 2667 quum
1102 2581 1268 2646 scribendi
1287 2605 1370 2646 oom-

322 2680 442 2765 pendia
468 2680 562 2744 huius
584 2682 712 2765 generis
741 2680 909 2745 codicibus
939 2681 1121 2745 communia
1142 2682 1222 2764 sint,
1246 2691 1316 2746 tum
1335 2684 1370 2746 in

323 2778 441 2842 Catulli
468 2779 567 2843 fuisse
592 2789 682 2844 recte
709 2782 890 2874 suspicatus
918 2790 967 2844 est
994 2780 1148 2865 Heysius.
1198 2780 1244 2844 Ut
1270 2782 1370 2865 igitur

323 2877 365 2940 ab
387 2878 426 2941 iis
447 2878 587 2963 mendis,
616 2900 700 2965 quae
721 2878 929 2944 librariorum
954 2879 1008 2944 vel
1028 2879 1229 2943 festinationi
1251 2879 1303 2945 vel
1323 2881 1369 2945 in·

324 2978 433 3040 curiae
461 2976 635 3061 debentur,
669 3000 817 3065 quaeque
843 2988 912 3042 tum
938 2980 972 3043 in
1000 2980 1143 3042 omnium
1169 2981 1370 3065 scriptorum,

323 3086 392 3139 tum
417 3077 451 3139 in
473 3076 594 3153 Catulli
619 3076 790 3141 codicibus
809 3087 995 3160 occurrunt,
1024 3077 1242 3160 discedamus,
1268 3080 1303 3141 in
1324 3102 1371 3142 re-

322 3174 419 3258 liquis
451 3175 545 3238 huius
579 3176 757 3237 carminum
788 3173 967 3260 probabilis
1000 3175 1183 3240 emendatio
1217 3198 1371 3263 magnam

322 3281 449 3357 partem
470 3271 627 3358 pendebit
649 3294 667 3335 e
689 3274 887 3358 singularum
908 3275 1100 3359 litterarum,
1128 3298 1212 3362 quae
1238 3299 1311 3341 cum
1332 3278 1371 3341 si-

323 3369 452 3434 milibus
489 3372 643 3435 confusae
680 3383 767 3457 sunt,
803 3372 968 3460 probabili
1002 3377 1220 3459 restitutione,
1255 3378 1301 3439 ita
1335 3387 1371 3441 ut

323 3492 420 3557 saepe
453 3471 600 3536 odiosum
631 3473 719 3537 istud
750 3475 862 3538 rimari
893 3473 1035 3559 syllabas
1067 3476 1242 3562 apicesque
1274 3476 1371 3540 vitari

322 3592 388 3633 non
408 3572 519 3657 possit.
558 3572 598 3635 In
620 3594 684 3657 qua
705 3595 760 3657 re,
778 3595 877 3658 quum
898 3574 1006 3637 Taciti
1020 3597 1156 3660 ‚quoque
1179 3574 1285 3639 codex
1305 3575 1371 3638 Me-

323 3668 433 3734 diceus
466 3670 563 3754 alter,
596 3693 660 3756 quo
692 3670 868 3736 Annalium
899 3694 977 3758 pars
1009 3673 1112 3737 altera
1145 3682 1178 3735 et
1205 3672 1371 3737 Historiae

323 3771 537 3854 continentur,
560 3771 698 3856 scriptus
720 3772 761 3835 sit
783 3772 972 3835 charactere
987 3770 1250 3857 Langobardico,
1272 3770 1369 3836 valde
1430 3817 1433 3821 -

322 3868 400 3931 mihi
414 3870 499 3935 utilis
514 3870 575 3934 fuit
593 3869 702 3934 Caroli
715 3870 839 3934 Heraei
853 3870 944 3955 liber,
962 3872 1018 3957 qui
1032 3870 1232 3935 inscribitur:
1255 3868 1370 3936 Studio

323 3964 445 4031 Oriticc
458 3971 492 4044 io
504 3970 660 4035 Mediccoo
677 3970 783 4036 Taciti
793 3970 922 4036 codices.
941 3969 1090 4037 Caesellio
1101 3969 1369 4037 MDOOOXLVI.

322 4065 453 4131 Etenim
480 4091 578 4153 quum
603 4070 729 4137 litterae
757 4094 856 4159 saepe
877 4082 945 4138 tam
966 4071 1103 4139 obscure
1125 4094 1300 4161 expressae
1323 4095 1369 4137 es-

1135 4171 1171 4223 1*
