3392 4959
824 483 865 555 ld

316 702 381 789 foc
400 721 466 765 non
485 700 549 765 nisi
561 708 741 786 correptum
758 698 956 781 inveniatur3
980 697 1020 763 cf.
1041 696 1081 762 G.
1097 696 1136 762 T.
1151 697 1192 762 A.
1208 697 1372 783 Krucgcri

326 799 437 863 Gram.
459 800 531 864 Lat.
554 800 574 878 ᾖ
595 797 646 861 43.
670 819 697 861 c.
727 806 758 861 et
787 819 883 884 quam
904 796 1015 862 laudat
1035 796 1192 862 Freundii
1213 819 1371 861 commen-

324 899 478 963 tationem
508 898 542 961 in
569 896 662 960 Iahn.
690 894 775 960 Ann.
804 918 833 959 a.
863 895 953 961 1835.
982 896 1060 961 fasc.
1088 896 1114 961 I.
1142 918 1173 981 p.
1202 896 1253 960 52.
1300 895 1370 958 Iam

326 996 476 1084 equidem
496 1018 609 1060 versus
632 996 679 1058 sic
700 995 897 1080 scripserim:

365 1095 520 1182 Ayedum,
543 1094 656 1179 eloquit,
678 1116 733 1180 ope
744 1094 845 1180 feros
866 1094 892 1175 i,
905 1094 969 1181 fae
988 1106 1023 1157 at
1042 1094 1105 1157 icat
1124 1094 1204 1158 tuae
1217 1094 1329 1180 furor,

365 1195 433 1258 Fae
452 1208 487 1257 at
507 1194 556 1258 bic
566 1194 698 1280 furoris
718 1193 780 1256 icta
800 1192 934 1257 reditum
954 1194 988 1257 ia
1007 1215 1133 1257 nemora
1144 1196 1247 1280 ferat.

325 1293 447 1359 Vocem
466 1294 543 1377 icat,
566 1313 662 1379 quam
683 1313 742 1356 nos
763 1290 826 1355 huc
846 1291 1023 1376 intulimus,
1044 1302 1177 1378 propter
1197 1290 1371 1356 similitudi-

325 1414 400 1456 nem
414 1391 593 1456 litterarum
609 1389 868 1456 antecedentium
884 1404 970 1455 aaut
986 1390 1147 1455 excidisse
1162 1401 1249 1477 puto,
1272 1413 1370 1475 quum

325 1490 450 1555 librarii
484 1489 568 1556 oculi
599 1510 620 1554 a
645 1490 710 1553 fine
736 1491 852 1576 prioris
881 1489 1033 1556 vocabuli
1058 1490 1093 1553 in
1118 1490 1213 1553 finem
1241 1488 1371 1554 alterius

324 1588 523 1655 aberrarent.
557 1588 725 1654 Sententia
742 1590 841 1673 igitur
861 1611 959 1675 prosa
980 1590 1125 1654 oratione
1147 1590 1193 1653 sic
1215 1590 1371 1675 exprime-

324 1698 426 1754 retur:
448 1689 536 1773 „Fac
552 1697 587 1752 ut
600 1687 690 1752 furor
703 1687 790 1752 hunc
804 1688 870 1768 icat
884 1689 1029 1774 ictusque
1043 1687 1181 1753 reditum
1195 1688 1278 1752 ferat
1292 1688 1371 1771 cet,“

324 1809 383 1873 pro
417 1809 480 1873 quo
512 1788 637 1873 poetice
668 1785 843 1872 paullulum
869 1788 996 1851 variata
1022 1797 1182 1851 structura
1210 1810 1283 1852 usus
1310 1795 1368 1850 cst.

325 1885 490 1950 Delectari
516 1905 595 1951 vero
618 1885 777 1964 Catullum
803 1884 960 1950 eiusmodi
987 1884 1229 1972 anadiplosibus
1252 1884 1371 1948 docent

325 1986 475 2049 carminis
506 1984 598 2049 huius
631 2008 683 2049 vv.
717 1984 746 2049 8.
779 1985 808 2049 9.
841 1985 892 2049 20.
920 1986 971 2049 21.
998 1985 1050 2049 50.
1077 1985 1127 2049 59.
1156 1984 1205 2049 60.
1233 1984 1368 2048 63-65.

326 2081 460 2146 68—73.
483 2083 533 2146 91.
555 2083 606 2145 93.
628 2082 816 2169 Eademque
844 2106 972 2168 caussa,
999 2082 1151 2149 videlieet
1172 2106 1234 2169 quo
1255 2105 1370 2168 prono·

324 2201 400 2243 men
427 2202 551 2265 quoque
580 2179 864 2245 demonstrativum
891 2205 922 2245 v.
946 2182 995 2245 79.
1017 2191 1227 2267 repeteretur,
1255 2182 1370 2263 effecit,

324 2288 359 2342 ut
390 2300 433 2342 ex
464 2279 562 2343 variis
595 2278 743 2343 codicum
764 2278 955 2343 lectionibus
975 2280 1093 2344 Mureti
1113 2281 1180 2364 bic,
1208 2292 1370 2367 tamquam

324 2378 418 2445 unice
440 2378 547 2443 versui
569 2378 782 2462 conveniens,
803 2388 935 2463 praeter
957 2389 1080 2444 ceteras
1102 2377 1196 2444 nobis
1218 2380 1369 2443 arriserit.

697 2608 997 2629 m

738 2825 851 2924 inv,
877 2827 954 2905 ua

407 2972 587 3060 Tamquam
614 2974 763 3040 analecta
789 2975 945 3061 colligens
971 2974 1058 3038 hunc
1082 2973 1229 3039 tractabo
1255 2973 1370 3059 locum,

324 3093 421 3155 quum
441 3094 555 3136 verum
576 3094 654 3156 una,
681 3081 717 3137 ut
738 3072 816 3136 mihi
837 3073 978 3156 videtur,
1000 3083 1138 3157 excepta
1158 3072 1295 3137 litterula
1315 3096 1371 3138 no

323 3166 374 3231 bis
396 3171 557 3253 aperuerit
578 3170 781 3233 Lachmanni
803 3172 976 3256 sagacitas.
1012 3170 1157 3234 Muretus
1178 3169 1277 3236 habet
1298 3193 1370 3236 cum

323 3264 398 3330 Ald.
427 3266 453 3331 I.
482 3276 514 3332 et
539 3267 653 3332 Basil.:
696 3268 831 3353 Lucaque
863 3282 892 3333 et
916 3270 1082 3334 comminus
1108 3271 1210 3334 onznia
1223 3271 1368 3357 fraops't3

323 3364 396 3430 cod.
424 3365 632 3431 Ouiacianus:
676 3367 811 3452 Loteque
837 3381 866 3432 et
892 3369 1058 3432 commatres
1084 3370 1187 3433 omnia
1202 3370 1369 3458 franpas,

322 3464 358 3527 in
384 3463 499 3550 quibus
528 3464 674 3552 Scaliger
700 3488 742 3532 ex
770 3469 872 3532 omnrb
896 3468 973 3533 fecit
994 3468 1096 3552 aava,
1125 3490 1219 3555 quem
1241 3479 1370 3534 secutus

323 3571 372 3628 est
388 3562 504 3649 Sillig,
526 3563 562 3628 id
580 3575 680 3631 totum
701 3567 884 3632 confirmari
904 3567 1017 3631 dicens
1035 3566 1107 3633 cod.
1122 3567 1257 3633 Putean.
1272 3568 1369 3633 Gens.

322 3685 354 3748 p.
381 3662 452 3728 286,
496 3663 560 3728 Pro
587 3686 644 3749 qao
669 3678 698 3730 et
722 3667 756 3730 in
784 3666 858 3730 edd.
885 3667 966 3751 Reg.
993 3667 1065 3731 Vic.
1088 3666 1179 3730 Brix.
1207 3676 1255 3730 est
1281 3689 1369 3751 quoe.

321 3761 430 3827 Vossii
455 3761 531 3826 libri
553 3773 584 3827 et
605 3762 677 3828 cod.
701 3762 888 3829 Gudianus:
917 3766 1035 3849 uaeque
1056 3777 1084 3829 et
1105 3788 1172 3828 cum
1193 3766 1260 3828 aba
1280 3766 1370 3830 obvia

313 3858 477 3946 franpas,
500 3861 587 3927 unde
603 3861 694 3927 fecit:
718 3865 778 3928 laste
794 3864 987 3948 quaecumvr'a
1003 3864 1266 3951 obotbfraoperw.
1293 3864 1369 3929 Duo

325 3955 419 4022 Statii
440 3969 473 4023 et
487 3960 616 4045 Dresd,
638 3971 673 4027 ut
688 3962 803 4046 Vossii,
827 3962 885 4028 sed
907 3963 1025 4027 omisso
1047 3976 1083 4047 et,
1107 3986 1187 4028 unus
1207 3963 1303 4028 Statii
1324 3964 1369 4028 in-

325 4076 421 4142 super
447 4080 514 4123 eam
540 4062 655 4128 omisit.
698 4063 873 4128 Praeterea
898 4063 1001 4128 omnab
1026 4062 1145 4152 legitur
1171 4064 1204 4130 in
1230 4063 1368 4148 Monac,
