3392 4959
750 600 949 612 *ορ-..α

322 753 354 816 p.
372 730 422 794 68.
440 739 472 795 et
489 729 614 815 Silligio
632 729 728 793 Gens.
745 751 777 815 p.
795 729 867 793 267.
899 728 1047 793 Alterum
1062 750 1195 793 numero
1213 730 1285 813 Vl.,
1302 750 1372 795 ver

323 852 377 893 sus
399 839 448 893 est
462 827 577 913 Virgil.
594 827 677 892 Aen.
689 827 728 911 V,
745 826 827 911 591,
850 827 894 891 ad
916 848 1013 913 quem
1034 826 1204 892 adnotavit
1222 828 1370 893 Servius:

324 930 476 1009 Fallere&
498 929 666 1014 frangeret
693 925 855 1012 deciperet.
897 927 958 990 Est
984 938 1085 989 catera
1111 949 1218 991 verm
1245 926 1372 1011 Octallc‘,

323 1027 380 1092 ubi
405 1028 559 1091 Heinsius
585 1025 674 1113 apud
695 1025 917 1090 Burmannum
943 1035 1032 1091 recte
1060 1023 1226 1110 observat,
1253 1026 1374 1092 Catulli

324 1147 421 1191 carm.
439 1125 561 1209 LXIV,
583 1148 614 1191 v.
638 1125 722 1209 115,
746 1146 842 1212 quem
864 1125 1013 1211 designet
1034 1124 1167 1190 Servius
1189 1125 1318 1190 Maroni
1338 1126 1374 1190 in

322 1227 431 1289 animo
457 1225 571 1307 fuisse,
598 1246 619 1288 a
646 1225 769 1311 supinis
796 1224 936 1289 librariis
958 1223 1112 1288 omissum
1133 1246 1213 1289 esse.
1256 1225 1374 1312 Neque

323 1326 410 1388 enim
436 1323 599 1388 Catullum
625 1323 833 1411 compilatum
860 1344 931 1388 esse
957 1344 978 1386 a
1004 1321 1142 1408 Virgilio
1170 1322 1374 1408 crediderim,

323 1433 381 1487 aut
402 1445 476 1487 cum
495 1421 659 1487 Pleitnero
680 1423 849 1508 Program.
867 1422 965 1509 p.13.
988 1420 1030 1485 de
1052 1421 1174 1509 duplici
1196 1424 1376 1488 carminum

325 1522 579 1587 Catullianorum
609 1524 798 1587 recensione
825 1521 1052 1608 cogitaverim3
1085 1520 1144 1585 sed
1171 1521 1374 1606 scholiastes,

324 1632 360 1686 ut
386 1622 590 1709 saepissime,
618 1620 754 1686 similem
774 1643 905 1686 versum
925 1619 1114 1686 adscribere
1134 1621 1169 1684 in
1190 1622 1299 1686 animo
1319 1619 1375 1685 ha·

325 1720 443 1786 buisse.
481 1720 628 1786 'l'ertium
642 1721 875 1807 fragmentum,
892 1742 914 1784 a
929 1719 1129 1785 Rossbachio
1147 1722 1284 1807 septimo
1301 1718 1375 1785 loco

324 1823 479 1907 positum,
507 1818 761 1907 deprehendisse
788 1818 851 1884 sibi
877 1819 941 1884 visi
963 1828 1036 1884 sunt
1057 1818 1145 1906 apud
1166 1819 1376 1906 interpretem

324 1919 455 2005 Virgilii
476 1919 698 1985 Veronensem
724 1918 769 1982 ad
789 1916 873 1982 Aen.
894 1918 993 2001 VIII,
1014 1917 1066 1982 34
1110 1917 1177 1983 Sed
1197 1917 1288 1985 locus
1309 1941 1376 1985 mu

324 2017 400 2083 tilus
422 2027 470 2083 est
492 2027 524 2083 et
544 2019 669 2105 priores
690 2027 756 2082 tres
776 2017 901 2082 litteras
922 2018 1061 2081 nominis
1083 2015 1201 2082 Catulli
1223 2039 1265 2081 ex
1286 2019 1376 2104 inge

324 2118 379 2181 nio
406 2116 638 2205 suppleverunt
660 2116 815 2200 editores,
843 2117 890 2181 ita
911 2126 946 2180 ut
968 2138 1006 2180 eo
1029 2116 1127 2181 etiam
1147 2115 1237 2181 aliud
1256 2137 1376 2181 nomen

324 2216 425 2282 latere
445 2218 558 2304 possit.
601 2217 672 2281 Nec
692 2218 797 2281 minus
820 2226 1005 2303 suspectum
1027 2225 1089 2299 est,
1112 2215 1163 2283 ‚bb
1184 2215 1245 2280 Xl.
1268 2217 1376 2302 signa·

325 2326 402 2401 tum,
425 2316 514 2404 quod
534 2315 653 2402 legitur
673 2316 762 2404 apud
784 2315 876 2381 Serv.
891 2315 974 2380 Aen.
996 2314 1036 2399 V,
1058 2315 1139 2398 610,
1161 2313 1218 2379 ubi
1238 2314 1376 2380 Lionius

327 2424 361 2481 et
381 2416 588 2482 Burmannus
615 2414 779 2499 dubitant,
806 2437 851 2481 an
876 2438 935 2502 pro
963 2412 1108 2479 Catullus
1132 2412 1308 2499 legendum
1333 2414 1377 2479 sit

328 2515 460 2581 Catulos
485 2518 506 2580 i.
530 2538 558 2580 e.
581 2516 720 2595 Quintus
742 2514 892 2597 Catulus,
919 2515 1010 2578 cinus
1037 2514 1134 2578 etiam
1160 2512 1241 2577 alios
1261 2534 1376 2580 versus

327 2637 401 2680 cum
423 2613 543 2678 Catulli
567 2614 671 2677 nostri
698 2612 849 2677 confusos
871 2634 942 2677 esse
964 2612 1092 2677 scimus.
1135 2602 1206 2676 Nec
1228 2614 1377 2700 quintum

326 2713 468 2799 denique
494 2712 713 2798 fragmentum
740 2713 826 2776 omni
855 2709 1059 2776 dubitatione
1080 2722 1184 2795 caret,
1212 2735 1311 2798 quum
1331 2710 1376 2777 ab

325 2812 452 2877 Isidoro
473 2811 581 2899 paullo
604 2810 741 2875 diversis
763 2810 873 2876 verbis
895 2820 1088 2897 conceptum
1109 2810 1235 2875 Cinnae
1256 2809 1376 2876 tribua-

326 2922 386 2996 tur,
409 2913 499 2976 cuius
521 2910 599 2974 fidei
621 2912 681 2974 etsi
703 2910 824 2996 uquue
846 2932 983 2997 sponsor
1004 2932 1075 2975 esse
1095 2910 1195 2974 nolim
1205 2910 1244 2993 ¹),
1265 2920 1377 2975 tamen

326 3011 381 3075 bic
401 3032 453 3075 res
474 3033 541 3075 non
561 3009 672 3096 liquet.
706 3009 920 3096 Superessent
935 3010 1035 3095 igitur
1052 3019 1176 3095 septem
1192 3009 1377 3094 fragmenta

326 3122 430 3195 certa,
458 3132 596 3197 quorum
622 3132 791 3174 numerum
819 3110 846 3173 si
873 3108 916 3172 ad
943 3108 1082 3173 calculos
1107 3128 1227 3173 vocare
1248 3110 1376 3172 animus

325 3211 404 3275 mibi
431 3219 517 3275 esset
543 3231 616 3273 cnm
642 3211 681 3274 iis
702 3208 796 3293 locis,
825 3210 881 3296 qui
902 3230 923 3272 a
944 3207 1155 3295 scriptoribus
1175 3206 1303 3272 laudati.
1320 3205 1377 3271 ad·

326 3308 390 3373 huc
421 3311 456 3372 in
489 3307 608 3372 Catulli
641 3307 838 3372 carminibus
870 3308 1036 3393 leguntur,
1069 3315 1254 3394 appareret,
1286 3315 1376 3392 puto,

326 3429 392 3472 non
408 3416 533 3471 tantum
548 3407 692 3492 periisse,
709 3414 866 3492 quantum
882 3406 1027 3471 nonnulli
1043 3408 1255 3493 suspicentur.
1283 3403 1377 3469 Com-

326 3507 451 3594 putatio
474 3527 552 3569 sane
573 3504 629 3569 illa
650 3514 736 3569 esset
751 3527 818 3569 non
832 3504 1062 3569 mathematica
1078 3505 1294 3588 accuratione,
1316 3502 1377 3569 sed

328 3617 437 3672 tamen
468 3602 661 3691 probabilis,
694 3604 721 3669 si
752 3626 812 3691 pro
839 3604 965 3669 ratione
992 3604 1136 3669 locorum
1161 3602 1376 3687 laudatorum,

328 3715 485 3795 quantum
506 3705 659 3769 amissum
681 3712 774 3788 esset,
795 3704 960 3791 inquirere
980 3702 1145 3769 vellemus.
1181 3702 1256 3767 Hoc
1276 3702 1377 3789 igitur

329 3826 525 3892 quamquam
548 3803 715 3892 Spengelii
741 3806 1055 3889 argumentationem
1076 3800 1310 3889 aliquantulum
1330 3802 1376 3865 in·
1435 3881 1436 3886 ἵ

411 4040 437 4103 1)
467 4040 506 4089 ef.
528 4054 551 4088 e.
574 4053 600 4103 g.
623 4038 696 4103 Orig.
717 4040 792 4101 xlx,
810 4041 855 4101 33,
872 4041 909 4101 3.,
931 4043 958 4088 et
977 4037 1010 4087 ad
1028 4036 1053 4085 h.
1071 4036 1089 4085 l.
1106 4036 1250 4088 Burmann.
1267 4036 1375 4088 Anthol.

327 4124 386 4173 Lat.
404 4122 425 4171 1.
442 4138 468 4187 p.
485 4122 544 4171 440.
562 4125 589 4169 et
605 4121 661 4169 739.
