3392 4959
323 736 358 816 (i.
374 756 398 797 o.
416 734 489 814 uim)
511 734 624 821 qfferre
644 733 749 817 olebat,
771 732 858 820 quod
879 730 967 796 idem
988 740 1129 795 statuere
1145 732 1303 820 Heysium
1324 735 1371 798 vi-

323 834 395 898 deo.
431 833 481 898 Of.
504 834 576 897 Liv.
599 832 639 917 V,
663 833 711 897 11.
734 832 792 896 fin:
818 854 986 915 numquam
1006 830 1079 894 deos
1100 831 1187 916 ipsos
1211 832 1371 896 admovere

322 933 497 998 reumatibus
522 953 649 996 mous:
674 932 753 996 ratris
779 954 858 1012 esse,
886 932 919 993 si
939 931 1097 993 occorrono
1117 931 1290 996 noscendi
1310 934 1370 997 loe-

323 1055 374 1096 aos
391 1044 517 1095 armam.
545 1030 600 1094 Ad
614 1030 677 1095 hoc
694 1040 802 1095 autem
819 1029 898 1117 quid
915 1030 955 1093 sit
971 1028 1233 1116 perspiciendum
1250 1032 1373 1117 optime

324 1130 497 1194 edocemur
519 1151 616 1193 carm.
638 1129 745 1213 XVI.,
768 1151 831 1216 quo
853 1138 951 1215 poeta
971 1128 1103 1192 Aurelio
1126 1137 1159 1192 et
1178 1129 1293 1213 Furio,
1315 1130 1372 1214 qui

322 1238 456 1315 propter
482 1228 713 1293 versiculorum
739 1227 906 1292 mollitiem
931 1228 1072 1313 iniquius
1095 1227 1136 1291 de
1157 1228 1228 1313 ipso
1249 1227 1372 1292 iudica-

325 1328 439 1412 verint,
455 1327 652 1391 horrendam
666 1349 744 1391 sane
758 1349 898 1413 poenam
912 1328 1062 1391 minatur.
1084 1327 1259 1390 Praeterea
1274 1350 1371 1413 quum

324 1448 421 1490 versu
442 1426 648 1491 antecedenti
667 1425 764 1513 plane
777 1425 872 1489 <idem
894 1425 1015 1488 dictum
1037 1426 1091 1509 sit,
1118 1426 1297 1511 tautologia
1319 1448 1372 1490 ex-

325 1526 452 1589 sisteret
471 1524 691 1589 intolerabilis.
733 1524 807 1610 Ego
829 1533 866 1588 ut
885 1546 994 1587 meam.
1012 1547 1153 1611 quoque,
1183 1525 1371 1611 qualiscum-

325 1646 387 1709 que
409 1633 471 1707 est,
499 1624 691 1688 sententiam
716 1624 751 1687 in
775 1633 962 1688 transcursu
983 1646 1179 1710 proponam,
1206 1647 1272 1689 non
1292 1634 1371 1711 puto

324 1722 383 1787 hos
404 1723 580 1788 versiculos
600 1746 659 1810 pro
681 1722 863 1809 fragmento
884 1722 1052 1787 habendos
1074 1746 1159 1807 csse,
1188 1723 1247 1787 sed
1268 1733 1371 1787 totum

325 1832 423 1908 atque
445 1824 606 1907 integrum
628 1822 757 1886 efficere
780 1844 925 1906 carmen,
951 1824 986 1885 in
1008 1844 1070 1907 quo
1090 1831 1189 1908 poeta
1210 1821 1255 1885 ad
1275 1823 1373 1885 maie

324 1942 394 1983 rem
420 1920 614 1983 adversariis
642 1920 852 1984 iniiciendum
877 1930 998 1984 metum
1020 1919 1166 1983 consulto
1188 1920 1372 2006 aposiopesi

324 2040 400 2082 usus
422 2019 473 2082 sit.
503 2018 706 2103 Quamquam
727 2026 835 2082 autem
856 2018 921 2081 tale
943 2018 1029 2103 quid,
1052 2018 1146 2104 quale
1161 2019 1295 2083 Vossius
1316 2017 1373 2081 ad·

326 2116 393 2181 dito
421 2138 518 2181 earm.
546 2116 641 2201 XVI,
668 2141 700 2181 v.
730 2117 758 2181 1.
786 2117 901 2201 voluit,
935 2118 1132 2202 cogitatione
1158 2116 1373 2203 supplendum

325 2224 386 2298 est,
420 2225 529 2280 tamen
559 2216 636 2280 huic
667 2237 733 2280 non
765 2235 917 2281 assensus
945 2217 1018 2301 sim,
1050 2216 1148 2303 idque
1177 2216 1303 2280 duabus
1330 2216 1372 2279 de

325 2316 463 2400 caussis,
490 2316 630 2403 primum
656 2317 731 2402 quia
757 2317 865 2379 minae
892 2316 940 2380 sic
963 2316 998 2379 in
1020 2338 1130 2380 omnes
1153 2315 1282 2379 disertis
1302 2337 1375 2379 ver-

324 2413 375 2479 bis
401 2415 541 2480 iactatae
566 2414 722 2479 ridiculae
749 2424 870 2499 essent3
904 2436 944 2479 ac
970 2415 1041 2479 fieri
1067 2417 1164 2479 etiam
1189 2423 1310 2502 potest,
1337 2423 1372 2478 ut

326 2512 368 2576 de
390 2513 571 2578 iamborum
593 2536 723 2579 suorum
744 2512 835 2577 rabie
864 2513 920 2597 (of.
944 2537 1041 2577 carm.
1064 2513 1152 2598 XL)
1180 2514 1372 2598 cogitaverit

324 2621 438 2697 poeta3
471 2622 540 2675 tum
570 2613 647 2697 quia
679 2613 836 2696 originem
866 2610 1080 2698 corruptelae,
1114 2633 1210 2698 quam
1236 2613 1372 2677 Vossius
1437 2697 1439 2701 Ι

323 2710 483 2797 proponit,
505 2730 570 2773 non
591 2708 693 2795 probe
712 2709 884 2795 perspicio.
916 2709 1047 2775 Etenim
1068 2709 1252 2791 arbitratur,
1274 2723 1377 2798 quum'

323 2809 387 2874 hoc
419 2810 618 2895 epigramma
650 2807 764 2872 eodem
800 2830 898 2873 versu
933 2810 1139 2873 terminatum
1171 2819 1269 2894 esset,
1307 2832 1371 2896 quo

325 2930 423 2976 carm.
444 2907 534 2972 XVI.
556 2909 726 2994 inciperet,
750 2908 903 2972 omissum
924 2928 994 2971 esse
1016 2929 1037 2972 a
1056 2907 1196 2973 librariis
1217 2908 1261 2992 id,
1284 2907 1371 2995 quod

325 3006 467 3071 medium
494 3007 534 3071 sit
560 3008 643 3071 inter
669 3018 853 3093 utrumque,
880 3029 977 3071 carm.
999 3007 1074 3071 XV.
1081 3057 1089 3092 ,
1115 3006 1265 3092 idemque
1285 3016 1373 3093 post-

325 3129 365 3171 ea
389 3106 537 3171 additum
563 3128 647 3191 esse,
675 3107 792 3171 omisso
820 3128 874 3191 eo,
902 3128 997 3194 quem
1023 3108 1093 3193 ipse
1113 3106 1280 3169 reduxerit
1300 3127 1373 3169 ver·
1462 3170 1465 3174 ,

325 3230 372 3271 su.
424 3206 530 3271 Acute
557 3205 688 3293 quidem
712 3205 779 3290 ille,
806 3204 903 3270 modo
930 3227 972 3269 ne
999 3216 1084 3270 esset
1109 3205 1157 3289 id,
1185 3206 1238 3269 cui
1258 3204 1373 3268 funda

324 3314 468 3368 mentum
495 3305 685 3388 superstruit
711 3306 1014 3390 argumentationis,
1048 3307 1200 3370 omissum
1230 3302 1312 3369 illud
1340 3314 1373 3369 et

326 3401 444 3466 deinde
472 3401 618 3465 additum
645 3424 742 3467 carm
770 3403 842 3468 XV.
849 3453 858 3487 ,
885 3426 975 3468 mera
1001 3406 1195 3468 coniectura.
1243 3402 1310 3468 Sed
1337 3413 1372 3469 ut

325 3500 368 3565 ad
389 3501 542 3585 graviora
563 3500 735 3564 refutanda
755 3522 944 3587 pergamus,
970 3503 1083 3566 nititur
1105 3502 1310 3589 Spengelius,
1335 3511 1372 3567 ut

325 3622 457 3665 carmen
482 3599 670 3664 lacunosum
696 3621 766 3664 esse
794 3599 957 3685 ostendat,
990 3603 1181 3666 auctoritate
1213 3602 1371 3689 imprimis

324 3698 490 3765 Martialis.
540 3698 639 3764 Cuius
670 3700 719 3763 rei
745 3709 898 3764 accurata
923 3701 1131 3787 pertractatio
1158 3702 1270 3765 intime
1297 3723 1371 3765 con·
1398 3778 1403 3785 ,

324 3801 435 3865 iuncta
461 3808 510 3864 est
537 3822 610 3864 cum
631 3800 782 3887 opinione
804 3800 945 3887 quadam
965 3801 1131 3885 Politiani,
1157 3800 1296 3888 probata
1318 3799 1372 3864 de·

325 3898 402 3963 inde
423 3898 466 3963 ab
487 3898 530 3964 Is.
550 3899 684 3983 Vossio,
702 3898 902 3985 Verburgio,
924 3899 1118 3964 Forcellinio
1146 3923 1170 3963 s.
1193 3923 1224 3964 v.
1248 3923 1371 3985 passer,

324 3998 446 4062 reiecta
459 4020 480 4062 a
490 3997 625 4081 Mureto,
641 3998 806 4086 Scaligero
823 4000 1027 4087 omniumque
1042 4000 1235 4085 gravissime
1245 3998 1372 4065 Husch'-

325 4094 397 4181 kio,
425 4118 556 4183 passere
579 4095 761 4164 Catulliano
788 4108 820 4165 et
845 4097 908 4163 hoc
934 4108 967 4163 et
994 4098 1140 4185 sequenti
1161 4100 1304 4166 carmine
1324 4100 1372 4163 in-
