3392 4959
820 509 865 582 ³4

324 726 459 812 Hauptii
486 725 634 790 effectum
661 734 709 788 est
731 723 960 810 disputatione,
989 725 1093 810 qual.
1115 725 1135 789 l.
1158 749 1189 792 v.
1214 728 1263 792 14.
1285 727 1374 792 codi-

325 848 399 888 cum
420 827 641 890 auctoritatem
663 823 860 909 sequendam
883 846 953 888 esse
976 846 1078 910 eoque
1099 824 1226 891 absolvi
1239 838 1374 892 -senten-

323 925 402 989 tiam
426 925 519 990 docte
541 922 690 987 ostendit.
714 923 822 987 Unum
843 922 966 987 addere
987 933 1127 1010 poterat,
1149 934 1183 990 ut
1204 948 1256 991 res
1279 938 1375 992 extra

324 1047 451 1088 omnem
474 1022 705 1087 dubitationem
726 1033 913 1108 poneretur,
936 1023 1088 1089 videlicet
1110 1025 1258 1111 exempla
1277 1025 1374 1091 verbi

322 1122 461 1207 rogandi
488 1145 578 1204 usus,
606 1143 701 1207 quem
728 1120 855 1205 dicunt,
884 1120 1032 1188 absoluti.
1076 1123 1170 1187 Talia
1196 1135 1304 1189 autem
1329 1124 1374 1190 le·

323 1231 442 1306 guntur
474 1219 570 1286 Ovid.
603 1220 715 1285 Amor.
748 1221 778 1304 I,
811 1220 844 1304 8,
871 1221 927 1304 43,
954 1221 1022 1286 44.:
1055 1222 1182 1287 Dodone
1199 1225 1372 1311 formosae.

326 1319 422 1383 Ceste
443 1333 496 1401 est,
518 1344 610 1405 qaam
630 1342 717 1383 nemo
733 1320 862 1406 reparat.
892 1322 966 1402 Aet,
988 1321 1021 1385 ai
1032 1323 1191 1388 metiatur
1205 1346 1267 1387 aon
1282 1337 1374 1405 verat,

322 1421 395 1504 ipae
414 1433 517 1506 ropat3
540 1419 581 1483 cf.
603 1417 683 1483 ibid.
704 1419 751 1502 II,
767 1421 801 1503 3,
816 1419 862 1503 5.;
884 1421 933 1504 Π,
956 1421 989 1503 ἵ,
1010 1419 1062 1485 25.
1095 1421 1161 1486 Sed
1182 1422 1269 1487 idem
1285 1423 1374 1488 Hau·

323 1519 408 1602 ptius
430 1530 463 1583 ut
484 1517 563 1582 alios
582 1527 671 1581 recte
691 1519 907 1604 impugnavit,
935 1519 1193 1586 commendando
1212 1522 1373 1606 Meleagri

321 1640 378 1680 vae
404 1631 433 1680 te
458 1615 620 1682 refutandi
641 1615 787 1682 laborem
807 1618 903 1683 nobis
924 1620 1023 1684 auxit
1073 1619 1134 1684 Vae
1154 1619 1234 1685 illud
1256 1620 1372 1686 fortius

323 1727 384 1800 est,
412 1739 509 1802 quam
535 1716 620 1803 quod
646 1716 678 1780 h.
698 1716 735 1799 l.,
761 1718 794 1780 in
823 1741 885 1804 quo
913 1720 1051 1783 ironiam
1077 1719 1240 1805 quandam
1264 1720 1374 1783 inesse

324 1838 437 1881 versus
469 1826 639 1902 sequentes
672 1829 865 1902 coarguunt,
896 1817 974 1882 sarri
1006 1819 1117 1904 possit.
1166 1817 1264 1898 Quod
1293 1820 1374 1887 vero

323 1915 483 2000 Hauptius
505 1915 584 1978 dicit
605 1916 639 1979 in
660 1917 846 1980 accusativo
868 1938 945 1981 casu
966 1939 1040 1980 oum
1059 1938 1116 1980 vae
1137 1919 1308 2009 coniuncto
1330 1917 1374 1983 de

324 2015 548 2077 exsecratione
580 2014 716 2097 cogitari
746 2036 813 2078 non
844 2037 955 2100 posse,
988 2037 1084 2100 posse
1114 2016 1149 2079 in
1181 2015 1305 2100 dativo,
1337 2015 1373 2081 id

323 2111 440 2176 vellem
471 2112 525 2176 vel
556 2111 713 2199 exemplis
740 2112 845 2177 allatis
871 2113 926 2198 γε]
952 2113 1016 2178 alia
1041 2116 1166 2180 ratione
1192 2116 1373 2181 accuratius

325 2210 584 2276 demonstrasset.
612 2212 879 2298 Insequentibus
900 2215 1010 2280 nescio
1033 2236 1142 2278 aunon
1164 2236 1282 2302 operae
1302 2236 1373 2301 pre

323 2311 402 2375 tium
424 2313 465 2375 sit
487 2314 555 2376 eius
576 2325 604 2375 te
624 2313 672 2376 ai
690 2306 839 2398 refutare,
862 2336 959 2399 quum
979 2315 1014 2378 in
1030 2315 1129 2401 ipsius
1146 2313 1286 2380 editione
1306 2336 1374 2379 non

325 2431 513 2496 comparere
535 2410 675 2477 videam.
707 2413 824 2478 Iuvent
844 2424 953 2478 tamen
974 2413 1142 2477 nonnulla!
1175 2413 1293 2478 Notum
1315 2423 1373 2496 est,

325 2509 403 2593 quid
435 2509 564 2576 differat
595 2513 679 2575 inter
709 2534 841 2576 manere
875 2535 948 2576 oum
980 2511 1088 2575 dativo
1122 2522 1153 2575 et
1185 2513 1373 2576 accusativo

324 2607 476 2672 imrctum.
519 2609 594 2673 Hoc
620 2608 720 2674 habet
745 2609 944 2694 perdurandi
968 2608 1022 2673 vel
1042 2606 1232 2673 remanendi
1253 2609 1373 2692 signifi-

322 2706 498 2790 cationem,
521 2706 598 2770 illud
620 2707 847 2792 exspectandi;
875 2708 963 2792 prius
984 2715 1094 2771 nostro
1116 2704 1188 2770 loco
1209 2727 1276 2770 non
1297 2727 1372 2769 con-

325 2805 437 2869 venire
457 2815 548 2890 putat
563 2805 737 2891 Hauptius3
759 2805 885 2892 quade
908 2827 1029 2890 caussa,
1051 2806 1172 2870 nescio.
1202 2805 1277 2870 Hoo
1294 2805 1372 2875 dicit

324 2914 435 2988 pocta:
480 2902 572 2982 Quae
598 2904 658 2969 tibi
683 2905 751 2970 vita
776 2927 931 2990 praesens
955 2904 1069 2969 relicta
1090 2906 1161 2970 est?
1188 2906 1208 2969 i.
1232 2926 1259 2968 e.
1286 2926 1374 2969 nunc
1470 2955 1474 2959 .

325 3004 396 3088 agis
429 3012 461 3067 et
494 3003 541 3087 (si
567 3002 645 3090 quid
671 3005 809 3088 senti0,)
842 3006 939 3070 etiam
966 3005 1073 3071 futuro
1099 3016 1244 3092 tempore
1270 3005 1372 3090 ages?

297 3185 299 3188 Ι
325 3100 448 3183 Quidni
479 3104 579 3188 enim,
612 3126 693 3190 quae
725 3104 804 3169 mihi
832 3126 875 3169 ex
901 3115 1045 3190 ternpore
1072 3106 1236 3191 superiore
1261 3103 1373 3170 relicta

325 3212 412 3287 sunt,
440 3225 479 3266 ea
504 3204 610 3269 futuro
638 3227 763 3290 quoque
784 3215 929 3291 tempore
950 3203 1103 3289 habeam,
1131 3203 1191 3268 sed
1210 3204 1373 3291 praesenti

325 3303 471 3366 tantum?
512 3302 618 3388 Atque
639 3305 684 3368 ita
706 3305 801 3368 etiam
823 3329 877 3368 vv.
901 3327 969 3390 sqq.
992 3303 1132 3369 futurum
1153 3315 1277 3389 tempus
1300 3326 1373 3367 cum
1482 3364 1492 3381 ,

324 3401 487 3484 praesenti
519 3403 610 3486 quasi
642 3403 846 3466 coniunctum
878 3412 927 3466 est
953 3402 1065 3466 addita
1090 3401 1250 3488 particula
1275 3425 1370 3466 aerae:

328 3499 405 3575 Qua
429 3521 510 3561 aare
536 3511 563 3561 te
589 3497 709 3562 adria?
734 3500 790 3562 dec.
840 3500 950 3578 Quare
977 3499 1066 3563 illam
1092 3511 1125 3564 et
1150 3502 1315 3565 notionem
1341 3513 1373 3566 et

326 3609 515 3664 structuram
547 3599 801 3684 appositissimas
834 3620 905 3662 csse
930 3608 1007 3684 puto
1030 3598 1073 3662 ad
1094 3601 1197 3663 nostri
1219 3599 1282 3664 loci
1303 3623 1373 3663 sen-

326 3699 469 3764 tentiam.
513 3698 587 3778 Qua
612 3700 736 3763 ratione
762 3719 957 3784 quamquam
978 3698 1140 3785 Hauptius
1165 3722 1197 3784 p.
1221 3698 1269 3762 10.
1297 3698 1372 3759 scri·

326 3810 435 3886 ptores
461 3799 596 3863 Latinos
623 3821 863 3884 nonnumquam
889 3798 1013 3863 locutos
1041 3820 1111 3863 esse
1138 3794 1300 3878 concedit,
1326 3805 1372 3859 ta-

327 3922 402 3963 men
423 3898 457 3963 id
479 3921 563 3981 eam,
587 3921 669 3984 quae
691 3900 790 3985 ipsius
811 3899 912 3963 menti
929 3898 1131 3980 obversetur,
1154 3895 1371 3960 coniecturam

327 4021 393 4062 non
425 4010 589 4084 praestare
621 3999 727 4062 videri
759 3998 845 4062 dicit.
896 3997 963 4063 Sed
993 4008 1101 4062 tamen
1133 3995 1211 4081 quid
1242 3995 1286 4058 ad
1312 4017 1371 4060 nos

327 4097 465 4184 Hauptii
486 4097 693 4162 coniectura?
737 4099 854 4162 Nonne
876 4099 953 4162 satis
976 4106 1037 4177 est,
1059 4095 1179 4161 bonam
1200 4107 1383 4189 nostroque

218 4326 366 4451 Α
