3392 4959
323 754 483 820 firmatam
504 776 575 819 esse
597 752 798 839 crediderim,
822 752 966 819 nondum
988 763 1096 819 tamen
1116 752 1289 841 profligata
1310 765 1367 820 est.

325 853 422 935 Quod
442 856 509 917 iam
528 855 698 918 tentaturis
714 851 809 917 nobis
824 852 935 918 valide
951 853 1125 918 auxiliatur
1140 855 1369 939 Pastrengicus

323 952 345 1017 l.
365 952 401 1037 l.‚
429 954 484 1039 qui
507 952 625 1017 Catulli
652 973 782 1017 versum
803 954 851 1016 sic
872 951 1018 1017 exhibet:
1055 952 1179 1017 Amilo
1198 953 1288 1017 nodo
1308 954 1371 1017 Po·

323 1053 413 1117 nicae
438 1054 615 1138 eupolt'tum.
658 1053 729 1116 Iam
750 1050 937 1116 observavit
957 1052 1120 1138 Hauptius
1142 1053 1274 1133 Quaest.
1298 1052 1370 1117 Cat.

323 1175 356 1240 p.
372 1152 415 1236 6.,
439 1174 535 1238 quem
555 1160 644 1216 recte
666 1152 864 1237 suspicatum
885 1172 956 1214 esse
978 1150 1057 1215 dicit
1078 1152 1227 1238 Heysius.
1241 1175 1273 1237 p.
1289 1152 1370 1236 282„

323 1251 570 1336 Pastrengicum
602 1249 720 1314 Isidori
756 1250 976 1313 narrationem
1007 1248 1113 1336 (Orig.
1142 1251 1204 1334 VI,
1238 1251 1287 1315 12.
1316 1252 1371 1336 3.),

325 1350 416 1415 euius
447 1350 587 1435 vestigia
612 1370 758 1436 premere
785 1348 901 1433 soleat,
925 1348 1072 1413 fortasse
1098 1349 1271 1414 contulisse
1298 1372 1372 1414 cum
1471 1370 1475 1378 ·

324 1450 425 1536 ipsius
447 1448 566 1513 Catulli
587 1451 730 1512 carmine
736 1494 744 1531 ,
767 1446 1254 1535 cuius'archetypon'Veronae
1273 1449 1374 1513 fuisse

324 1549 458 1631 scimus3
479 1568 557 1610 nam
578 1547 666 1633 apud
681 1546 843 1610 Isidorum
866 1568 977 1611 omnes
995 1547 1124 1611 codices
1145 1548 1238 1611 arido
1253 1547 1376 1611 habere

324 1645 444 1730 videri3
472 1646 560 1710 unde
588 1648 752 1732 suspicere
779 1646 876 1709 arida
900 1647 1148 1731 Pastrengioum
1172 1649 1207 1711 in
1234 1668 1293 1711 sua
1314 1646 1375 1711 Ca-

324 1744 530 1811 tullianorum
552 1746 730 1809 carminum
751 1744 901 1830 exemplo
923 1746 1099 1829 invenisse3
1122 1755 1292 1831 praeterea
1314 1745 1378 1823 Qui

325 1854 359 1909 et
381 1846 493 1931 punice
518 1843 585 1930 legi
610 1846 645 1907 in
666 1845 747 1908 Dati
773 1842 857 1908 libro
884 1842 942 1928 (de
966 1844 1031 1921 Qui
1047 1844 1125 1909 vide
1146 1843 1244 1909 modo
1264 1845 1374 1929 infra),

296 1942 415 2040 'quod
431 1946 474 2008 'in
503 1943 679 2030 archetypo
699 1942 761 2028 11¹0
787 1943 889 2009 fuisse
915 1967 960 2009 ex·
985 1945 1052 2008 suis
1079 1941 1174 2008 codd.
1197 1966 1272 2007 mss.
1296 1945 1375 2008 satis

325 2053 450 2108 certum
472 2065 543 2107 esse
570 2042 711 2107 affirmat
731 2042 890 2129 Heysius,
918 2064 982 2130 qua
1007 2041 1123 2107 eadem
1144 2042 1376 2129 orthographia
1413 2090 1416 2095 -

324 2142 574 2227 Postrengioum
595 2164 709 2206 versus
730 2144 847 2205 citasse
869 2142 1048 2207 videamus.
1087 2142 1181 2206 Haeo
1203 2142 1311 2206 omnia
1332 2141 1376 2205 ad

324 2240 463 2306 formam
479 2240 668 2304 femininam
685 2238 926 2304 defendendam
947 2242 1024 2305 satis
1047 2262 1207 2326 superque
1225 2241 1374 2305 sufficere

324 2339 495 2427 putabam,
529 2361 627 2425 quum
653 2340 809 2424 proximis
836 2338 886 2402 his
914 2338 1029 2403 diebus
1055 2361 1177 2403 novum
1202 2339 1301 2425 idque
1327 2341 1374 2403 in-

325 2450 491 2526 speratum
512 2436 733 2502 adiumentum
754 2437 832 2501 mihi
854 2439 1001 2502 accessit.
1044 2436 1133 2500 Ecce
1155 2438 1255 2501 enim!
1284 2436 1373 2524 quod
1426 2507 1428 2510 ,

325 2537 461 2602 credere
487 2560 592 2625 paene
619 2536 710 2601 nefas
738 2536 885 2621 duxeris,
913 2536 1142 2601 Lachmannus
1164 2536 1286 2601 codicis
1307 2538 1373 2601 Da

325 2638 396 2702 tani
416 2636 571 2701 lectiones
592 2638 781 2724 neutiquam
802 2647 955 2701 accurate
977 2635 1127 2720 contulit,'
1149 2634 1248 2723 idque
1269 2658 1374 2722 nuper

325 2735 533 2801 Froehnerus
554 2737 588 2799 in
609 2736 777 2800 Leutschii
797 2735 911 2800 Philol
933 2735 1024 2820 XIV,
1047 2758 1079 2821 p.
1102 2735 1172 2799 579.
1196 2757 1266 2822 sqq.
1288 2735 1375 2800 lucu-

326 2834 414 2900 lento
436 2834 583 2922 exemplo
602 2834 751 2899 ostendit.
783 2834 876 2899 Idem
897 2857 928 2920 p.
944 2834 1016 2899 568.
1037 2833 1183 2899 tabulam
1199 2834 1376 2900 coloratam

327 2934 461 3020 adiecit,
489 2956 554 3021 qua
581 2935 747 3021 specimen
774 2933 895 2999 codicis
917 2934 1040 2999 Datani
1065 2935 1243 3020 scripturae
1265 2932 1309 2998 ad
1329 2936 1375 2999 ri-

326 3056 404 3098 vum
426 3055 599 3120 expressae
622 3032 764 3098 exhibet.
799 3033 839 3097 In
860 3054 900 3097 ea
914 3033 1027 3098 tabula
1042 3034 1126 3097 inter
1145 3032 1209 3097 aha
1224 3032 1376 3118 leguntur

327 3133 426 3198 etiam
446 3134 596 3197 carminis
610 3131 636 3195 Ι.
655 3133 750 3217 primi
767 3141 919 3217 quattuor
933 3152 1046 3196 versus
1061 3128 1228 3216 descripti3
1251 3140 1283 3196 et
1296 3154 1328 3195 v.
1346 3132 1374 3197 1.

328 3230 460 3316 quidem
482 3230 571 3309 Quoi,
597 3251 672 3312 nou,
697 3238 733 3293 ut
753 3227 984 3292 Lachmannus
1005 3227 1175 3313 indicavit,
1199 3228 1268 3314 Qui,
1289 3253 1321 3294 v.
1343 3230 1373 3295 2.

328 3348 388 3414 pro
408 3327 497 3391 modo
517 3328 578 3391 sio:
600 3310 640 3410 ,ἧς
667 3350 699 3391 v.
722 3328 766 3412 3.,
797 3326 885 3414 quod
905 3350 984 3393 sane
1005 3328 1135 3393 levioris
1155 3329 1311 3395 momenti
1331 3331 1376 3395 vi-

329 3427 438 3512 detur,
455 3450 590 3513 nanque,
607 3449 673 3491 non
688 3450 831 3513 namquo,
854 3437 965 3515 atque,
989 3427 1077 3515 quod
1092 3427 1187 3493 nobis
1204 3438 1301 3514 caput
1317 3439 1375 3514 est,

272 3526 275 3530 ’
329 3550 360 3592 v.
377 3527 407 3591 2.
429 3526 568 3611 Atrida3
591 3526 679 3613 quod
695 3528 723 3592 si
737 3549 815 3592 vere
830 3527 963 3613 legitur,
981 3527 1022 3592 de
1038 3529 1175 3593 veritate
1191 3527 1338 3592 lectionis
1355 3549 1377 3591 a

328 3624 423 3691 nobis
436 3625 649 3692 defensitatae
662 3648 757 3691 nemo
770 3628 835 3691 iam
850 3626 999 3692 dubitare
1012 3629 1144 3714 poterit3
1163 3628 1226 3690 nisi
1239 3626 1331 3707 forte,
1342 3662 1376 3673 -

329 3726 376 3789 sic
397 3725 460 3790 sibi
478 3727 541 3813 ipsi
561 3723 721 3808 diffidunt,
744 3724 861 3812 quibus
878 3728 1023 3812 exoptati
1040 3724 1119 3811 quid
1137 3733 1267 3811 praeter
1286 3744 1376 3809 spem

328 3826 478 3910 contigit,
505 3862 548 3874 -·
571 3823 690 3889 lineola
713 3822 783 3909 illa,
810 3824 1022 3910 qua-litterae
1043 3844 1061 3885 0
1082 3824 1214 3909 appicta
1233 3822 1374 3887 litteram

327 3947 351 3985 c
367 3923 535 4009 efficimus,
557 3923 747 3988 correctoris
762 3924 873 3987 manui
888 3921 1039 4006 debetur3
1063 3921 1104 3987 de
1121 3944 1186 4010 qua
1201 3943 1237 3986 rc
1252 3922 1372 3987 Froeh-

327 4042 438 4103 uerus,
459 4033 495 4087 ut
515 4045 623 4111 spero,
645 4024 679 4087 in
700 4020 841 4087 editione
862 4042 1001 4087 suanos
1023 4022 1181 4089 edocebit.
