3392 4959
828 515 874 594 49

328 738 375 803 D:
399 739 516 825 cybeles
536 751 577 821 ta,
597 738 641 803 L:
664 738 792 825 ophellas
813 750 859 821 ta3
888 758 968 823 quos
989 736 1136 801 Naekius
1158 735 1220 823 Op.
1243 737 1323 802 Phil.
1345 738 1372 803 Ι.

328 862 360 925 p.
378 838 428 902 35.
453 835 582 923 [Sched.
605 838 682 903 orit.
704 861 736 924 p.
759 835 822 924 21]
846 858 881 901 se
902 836 1083 922 inspexisse
1105 837 1163 921 ait,
1186 837 1311 922 cybeles,
1333 839 1374 903 ci·

329 938 422 1019 belec,
444 959 525 1000 unus
547 937 685 1000 caelibes.
717 935 819 1000 Editt.
841 936 944 1021 princ.
965 935 1046 1020 Reg.
1069 935 1156 999 Via:
1182 934 1306 1022 Cybelae
1326 950 1373 1022 ως

329 1035 381 1099 ed.
402 1034 499 1099 Basil.
521 1034 628 1099 loeo:
655 1036 846 1122 Tympaoam
867 1035 970 1098 whom
994 1032 1101 1119 Cybele
1122 1046 1177 1098 tao
1196 1059 1235 1098 m.
1257 1036 1279 1099 i.
1307 1036 1375 1100 Mu·

328 1145 414 1199 retus
435 1134 528 1220 legit:
561 1134 641 1197 Leve
663 1131 997 1220 tympanum'Cybelle,
1025 1132 1104 1197 alios
1126 1133 1277 1217 (fortasse
1297 1133 1373 1199 Ald.

326 1234 353 1297 Ι.
381 1243 413 1298 et
438 1233 497 1318 Π.)
524 1232 646 1296 habere
676 1234 880 1319 Tympaaum,
912 1232 1016 1295 tabam
1041 1241 1177 1315 testans3
1211 1233 1373 1319 Scaliger:

332 1333 506 1418 Typaneai,
529 1333 645 1414 tubam²
670 1331 802 1418 Cybelle3
835 1332 983 1396 Vossius:
1010 1331 1171 1417 Typaoom
1191 1333 1295 1396 tabam
1318 1332 1375 1418 Gy-

327 1432 431 1515 belles,
454 1433 488 1494 in
510 1431 626 1517 quibus
649 1430 735 1517 quod
751 1430 897 1495 Naekius
918 1429 938 1494 l.
953 1428 974 1493 l.
989 1452 1039 1512 ex
1060 1429 1110 1494 his
1124 1431 1233 1495 Vossii
1250 1430 1374 1496 verbis:

326 1529 444 1614 „Quod
465 1541 572 1596 autem
593 1531 730 1617 primam
751 1530 785 1593 in
805 1540 961 1616 tympano
983 1527 1124 1593 Catullus
1147 1530 1314 1617 corripiat,
1340 1530 1376 1594 id

327 1630 432 1716 ipsum
453 1629 532 1693 facit
552 1650 641 1693 more
663 1630 803 1714 antiquo,
826 1626 868 1691 de
889 1650 952 1714 quo
973 1626 1073 1692 multa
1093 1627 1172 1692 alibi
1194 1629 1373 1714 diximus.“,

326 1739 474 1814 typaaom
499 1729 690 1814 impressum
717 1748 787 1791 esse
815 1735 1094 1791 contrementem
1113 1727 1223 1791 Vossii
1250 1750 1293 1791 ex
1319 1750 1373 1791 ex-

326 1827 461 1914 emplari
477 1827 706 1913 Scaligeranae
729 1824 879 1890 editionis
896 1825 1025 1911 colligit,
1047 1825 1109 1891 hoc
1125 1849 1190 1890 non
1206 1848 1266 1913 pro
1284 1836 1374 1891 certo

325 1925 508 2010 babuerim3
534 1948 610 1990 nam
632 1924 746 1989 eadem
766 1926 984 2011 repugnantia
1005 1934 1038 1989 et
1057 1926 1092 1990 in
1111 1926 1262 1990 lemmate
1285 1927 1374 1991 etin

328 2023 423 2088 Obss.
441 2024 487 2110 (p
504 2025 589 2109 161.)
606 2025 753 2108 occurrit,
774 2024 830 2089 ubi
846 2024 963 2109 legitur
980 2022 1113 2111 Cybeles,
1135 2047 1193 2111 pro
1216 2048 1264 2108 eo,
1286 2024 1375 2112 quod
1492 2111 1496 2118 ι

327 2132 376 2186 est
396 2123 431 2185 in
446 2121 621 2207 verborum
637 2133 804 2187 contextu:
830 2122 976 2208 Cybelles.
1008 2125 1205 2209 Doeringius
1222 2146 1282 2210 pro
1298 2138 1373 2210 tyna

323 2244 444 2305 panum
465 2220 531 2305 legi
551 2219 672 2286 mavult
688 2221 866 2307 cymbalum,
889 2220 975 2306 quod
995 2232 1098 2285 metro
1120 2224 1288 2308 respuitur,
1310 2224 1373 2287 nisi

325 2319 432 2404 potius
448 2328 533 2383 totus
552 2341 662 2384 versus
680 2319 805 2406 spurius
822 2320 872 2383 sit.
906 2319 1048 2405 Silligius
1064 2320 1176 2386 habet:
1203 2321 1373 2406 Typaaom‚

325 2418 437 2499 tubam,
453 2416 578 2504 Cybebe.
595 2410 824 2482 Lachmannus
838 2416 888 2501 (in
899 2417 1062 2503 editione),
1077 2418 1202 2503 Rossb,
1213 2418 1370 2504 Heysius:

329 2516 504 2602 Typaneai,
531 2518 634 2582 tabum
658 2517 798 2605 Cybebes.
841 2517 888 2581 Ut
913 2517 978 2580 iam
999 2516 1127 2602 singula
1146 2516 1250 2582 verba
1271 2520 1372 2583 consi-

325 2614 490 2701 deremus,
517 2639 577 2704 pro
606 2631 785 2703 tympanum
809 2617 932 2704 primus
959 2616 1106 2702 Scaliger
1132 2627 1219 2681 recte
1247 2619 1375 2704 scripsit

323 2727 485 2801 typaaum,
508 2738 702 2802 quamquam
722 2738 820 2782 versu
840 2716 1046 2781 antecedenti
1066 2715 1154 2779 illam
1174 2738 1290 2781 vocem
1310 2718 1372 2804 pri-

324 2835 378 2878 ma
405 2825 553 2901 correpta
578 2816 851 2903 pronuntiandum
879 2838 950 2880 esso
976 2816 1167 2880 auctoritate
1194 2817 1291 2879 nixus
1319 2838 1372 2880 ex-

325 2914 421 3001 empli
442 2914 611 2978 Homerici
636 2915 763 2980 viderat
788 2916 854 2979 iam
874 2915 1029 2980 Muretus.
1073 2913 1232 3000 Scaligcri
1253 2914 1372 2979 deinde

324 3014 516 3078 sententiam
542 3012 637 3077 docte
662 3012 887 3099 comprobavit
907 3012 1053 3076 Nackius
1073 3012 1095 3076 l.
1116 3011 1137 3076 l.
1181 3012 1247 3078 Sed
1271 3013 1371 3079 multo

323 3110 499 3174 maioribus
527 3110 767 3175 difficultatibus
794 3110 991 3195 implicatum
1017 3119 1065 3173 est
1085 3110 1277 3174 vocabalum
1298 3111 1373 3175 alte-

324 3231 396 3272 rum
416 3209 533 3292 tubam,
555 3229 653 3294 quam
673 3227 832 3294 nusquam
853 3209 887 3271 in
909 3208 1010 3275 sacris
1031 3229 1170 3293 magnae
1191 3211 1316 3293 matris,
1337 3211 1373 3274 in

324 3306 441 3393 quibus
463 3306 681 3372 tantummodo
704 3306 903 3394 cymbalum,
924 3317 1128 3393 tympanum,
1150 3306 1243 3392 tibia,
1271 3319 1372 3374 crota

323 3406 404 3490 lum,
427 3428 527 3470 cornu
549 3416 846 3491 commemorantur,
871 3406 1050 3471 adhibitam
1071 3429 1141 3472 esse
1163 3410 1371 3494 reperiamus.

325 3505 432 3586 Quam
454 3503 495 3569 ob
519 3527 666 3571 caussam
688 3507 715 3571 si
737 3506 789 3571 cui
811 3529 886 3570 cum
901 3506 1081 3592 Doeringio
1101 3517 1233 3591 „notatu
1254 3506 1372 3593 dignus

323 3604 376 3670 hio
397 3604 488 3669 locus
506 3604 643 3689 videtur,
665 3604 753 3691 quod
770 3604 883 3670 tubam
898 3606 998 3671 tibiae
1013 3606 1086 3671 loco
1103 3605 1146 3669 ad
1162 3607 1373 3670 instrumenta

322 3706 446 3769 musica
461 3706 496 3768 in
512 3706 613 3768 sacris
629 3703 769 3789 Cybeles
790 3715 944 3791 usurpata
964 3705 1018 3768 hic
1038 3702 1173 3767 relatam
1196 3724 1370 3787 cognosca-

323 3805 427 3888 mus,“
452 3826 515 3868 nae
542 3802 692 3889 equidem
719 3825 791 3868 cum
816 3803 874 3869 tali
899 3825 965 3866 non
986 3801 1130 3886 litigabo.
1174 3801 1241 3865 Sed
1261 3802 1370 3889 aliqua

324 3900 460 3966 fortasse
486 3926 560 3990 spes
587 3923 657 3967 esse
683 3913 788 3989 potest
813 3902 872 3967 bos
898 3902 969 3967 aliis
995 3902 1167 3987 propositis
1189 3902 1367 3967 rationibus

324 3998 367 4063 ab
391 4001 540 4085 opinione
562 4024 619 4067 sua
642 4001 833 4066 deducendi.
860 4002 1003 4066 Primum
1024 4002 1109 4065 enim
1130 4000 1298 4065 molestum
1320 4024 1366 4067 es-

324 4107 374 4163 set
399 4098 592 4184 asyndeton:
623 4112 796 4189 typanum,
828 4100 953 4186 tubam3
985 4112 1053 4167 tum
1081 4122 1219 4187 sequens
1246 4122 1364 4167 nomen

964 4227 966 4231 ⁴
1150 4204 1167 4251 4
