3392 4959
744 428 870 575 ,u

324 675 497 763 ,archetypi
521 675 720 762 singularum
741 677 935 762 paginarum
956 674 1103 741 versibus
1125 678 1276 742 statuisse
1298 699 1319 743 a
1339 700 1375 743 se

327 776 506 840 luculenter
529 773 664 862 probari
684 797 780 860 posse
801 785 890 840 recte
913 775 1088 840 contendit.
1129 776 1243 841 Totius
1268 799 1375 843 eorru-

321 873 434 961 -ptelae
454 876 625 959 rationem,
653 874 798 938 similiter
818 884 854 940 ut
875 874 987 958 modo,
1013 874 1092 939 mihi
1113 875 1263 961 expedio.
1311 876 1376 956 Qui

323 973 457 1039 codices
484 996 501 1037 o
527 972 698 1061 praebent,
726 972 761 1037 id
783 973 872 1059 quod
897 975 1074 1060 genuinum
1101 984 1162 1057 est,
1190 984 1374 1058 servarunt3

320 1074 362 1136 ·in
387 1072 548 1138 nonnullis
576 1096 593 1136 o
621 1071 756 1156 excidit,
785 1094 849 1159 qua
875 1072 981 1137 littera
1002 1074 1121 1138 omissa
1143 1095 1227 1160 quae
1249 1076 1375 1137 iactura

329 1171 418 1236 facta
439 1181 524 1237 esset
549 1172 643 1237 metri
670 1193 733 1258 quo
755 1173 963 1257 resarcirent,
991 1174 1025 1237 in
1047 1172 1169 1259 aliquot
1192 1173 1320 1239 codices
1341 1172 1376 1239 li·

329 1268 432 1336 brarii
460 1272 658 1351 intruserunt
681 1270 813 1355 quidem.

703 1501 1003 1524 m

768 1718 817 1815 u,
842 1720 880 1817 r,
906 1720 940 1798 s.

412 1866 485 1947 Quo
508 1867 695 1931 venustiora
716 1877 790 1932 sunt
811 1868 1012 1953 antiquitatis
1031 1874 1248 1951 monumenta,
1270 1888 1309 1931 eo
1326 1888 1377 1932 ae-

328 1967 418 2051 grius
433 1988 472 2031 ea
485 1967 617 2031 ferimus
632 1976 814 2053 temporum
828 1968 998 2054 iniquitate
1013 1988 1085 2032 esse
1099 1966 1241 2031 foedata.
1259 1966 1376 2053 anue

328 2066 446 2129 iniuria
461 2088 559 2150 quum
574 2064 692 2131 Catulli
707 2088 804 2130 earm.
820 2066 868 2148 Π,
885 2066 913 2130 Ἰ.
930 2066 958 2129 8.
975 2066 1118 2130 omnium
1133 2087 1292 2131 consensu
1306 2088 1377 2152 pre-

328 2172 471 2246 mantur,
492 2163 584 2228 multi
603 2166 665 2232 riri
687 2163 774 2229 docti
795 2164 829 2226 in
849 2165 890 2227 iis
908 2163 987 2249 quid
1003 2162 1210 2229 coniectandi·
1223 2174 1293 2229 arte
1310 2164 1378 2229 effi-

330 2284 403 2327 cere
424 2271 556 2348 possent
578 2271 756 2345 tentarunt,
779 2261 838 2325 sed
859 2263 906 2325 ita
924 2271 1034 2326 tamen
1053 2271 1227 2346 tentarunt,
1249 2272 1285 2328 ut
1305 2284 1378 2349 pro-

328 2370 402 2447 pter
417 2371 541 2426 rectum
556 2361 711 2426 iudicium
728 2362 881 2425 eximiam
899 2358 1062 2445 quandam
1077 2359 1208 2426 laudem
1221 2362 1377 2426 meruisse

328 2458 407 2524 mihi
421 2460 593 2525 videantur
606 2460 834 2525 Lachmannus
850 2468 882 2525 et
896 2458 1129 2544 Rossbachius,
1147 2462 1203 2545 qui
1218 2462 1378 2526 coniectu-

327 2581 437 2624 rarum
462 2559 638 2624 infelicium
664 2558 747 2623 mole
774 2568 884 2646 spreta
911 2557 1060 2623 codicum
1087 2558 1203 2644 verba,
1229 2562 1377 2646 quamvis

306 2651 489 2744 corrupta,
511 2657 666 2723 exhibere
687 2658 868 2723 maluerint.
902 2656 972 2722 Nec
992 2667 1093 2744 negat
1115 2658 1257 2744 Silligius
1280 2658 1376 2725 Ceus.

328 2780 359 2844 p.
380 2758 467 2841 277,
484 2756 587 2822 verba
604 2759 754 2843 aenigma
772 2779 842 2821 esse
858 2757 965 2821 adhuc
980 2757 1125 2824 nondum
1141 2758 1288 2823 solutum.
1317 2758 1377 2823 Co·
1423 2792 1426 2796 ·

329 2856 438 2922 dicum
464 2867 572 2921 autem
593 2857 796 2921 Lachmanni
817 2865 849 2921 et
870 2856 1067 2923 Dresdensis
1091 2856 1187 2922 lectio
1209 2856 1291 2922 haec
1313 2867 1376 2923 est:

477 2957 521 3021 Et
541 2957 717 3022 colutiolum
737 2958 791 3020 sari
809 2956 941 3037 dolora's,

478 3054 579 3120 Credo
599 3068 634 3138 at
654 3079 722 3119 cam
739 3056 849 3141 qrum‘s
870 3054 1040 3138 acquc‘ascet
1060 3052 1167 3116 ardor.

329 3154 385 3218 Sic
411 3155 510 3217 etiam
536 3153 609 3217 edd.
638 3152 719 3237 Reg.
748 3151 870 3236 (1481.)
906 3151 1033 3215 Vicent.
1061 3149 1185 3236 (1481.)
1213 3150 1376 3217 Brixiens.

329 3251 461 3337 (loca),
481 3252 543 3315 nisi
565 3250 652 3336 quod
673 3252 707 3315 in
723 3250 786 3315 hac
802 3249 922 3335 legitur
937 3249 1103 3315 Parthenii
1123 3251 1306 3317 inventum:
1328 3275 1378 3317 ue

329 3353 470 3436 quiesset.
509 3350 704 3415 Ouiacianus
726 3348 877 3437 praebet:
916 3349 1016 3415 Credo
1036 3363 1071 3415 ut
1090 3373 1181 3437 quom
1198 3352 1308 3437 yravr'rr
1328 3375 1377 3416 ac

319 3452 462 3537 ,quiescet
481 3473 578 3515 error.
620 3451 664 3515 Et
684 3452 860 3516 solatr'olum
881 3473 992 3517 omnes
1015 3450 1125 3535 Statii,
1146 3464 1182 3515 at
1201 3451 1328 3515 solutari
1362 3458 1364 3461 ’

326 3550 449 3616 Aldina
469 3561 576 3632 vetus,
598 3550 743 3615 Muretus
760 3561 792 3615 et
810 3550 971 3637 Scaliger,
994 3572 1130 3636 quorum
1150 3558 1265 3614 neuter
1287 3549 1378 3634 quid-

327 3639 426 3737 quam
443 3650 485 3716 de
499 3650 646 3714 lectionis
660 3649 818 3714 varietate
835 3657 1075 3714 commemorat.
1102 3647 1252 3712 Vossius:
1276 3646 1377 3712 Credo

327 3764 361 3814 ut
382 3752 490 3837 oraora
511 3750 687 3834 acquiescat
708 3748 819 3829 ardor,
845 3771 929 3831 quon
950 3745 1065 3812 abesse
1087 3766 1108 3809 a
1129 3746 1194 3810 suis
1216 3746 1377 3832 exempla-

329 3846 418 3912 ribus
444 3860 575 3914 testans.
624 3848 654 3912 E
683 3846 858 3934 Spengelio
884 3846 967 3911 haec
993 3853 1104 3910 enoto:
1131 3867 1169 3932 p:
1200 3842 1315 3927 Orode,
1342 3860 1377 3911 at

327 3947 435 4032 qrauis
461 3949 644 4033 merbecca,
677 3946 714 4012 Ο.
742 3948 795 4011 P.:
828 3944 929 4011 o'rado
954 3958 989 4011 at
1013 3968 1081 4010 cum
1106 3958 1170 4011 tum
1192 3946 1300 4033 gravia
1326 3970 1375 4010 ae

329 4046 501 4129 qaobscanq
532 4048 589 4113 H.:
622 4047 713 4113 mdo
734 4071 828 4133 qaam
843 4047 954 4134 φανῶ
974 4046 1163 4131 caudam,
1187 4045 1285 4112 ceteri
1307 4045 1376 4112 vul·
