3392 4959
821 526 859 598 21

615 840 617 843 ι
734 792 783 890 11,
810 794 947 872 11-13.

400 942 477 1006 Nixi
498 942 687 1007 testimoniis
710 940 846 1006 Guarini
868 953 901 1007 et
921 942 1045 1025 Perrei,
1073 963 1206 1027 quorum
1232 951 1365 1027 uterque

317 1051 389 1127 post
414 1065 445 1106 v.
470 1042 518 1106 10.
546 1063 699 1126 magnam
726 1063 760 1104 se
788 1041 822 1104 in
843 1051 968 1106 vetusto
991 1040 1104 1104 codiee
1124 1041 1273 1105 lacunam
1294 1063 1366 1126 rep

315 1142 438 1226 perisse
470 1150 618 1224 testatur,
651 1141 741 1204 cuius
772 1149 881 1204 tamen
912 1140 946 1203 in
977 1139 1107 1225 reliquis
1139 1140 1245 1225 libris,
1277 1139 1365 1226 quod

317 1241 468 1324 sciamus,
489 1239 577 1303 nulla
597 1237 719 1302 indicia
740 1248 812 1303 sunt
834 1236 890 1322 (es.
907 1237 1056 1302 Huschlc
1073 1262 1104 1324 p.
1122 1239 1203 1323 eta,
1221 1240 1365 1325 Sparge

315 1338 376 1403 lius
398 1338 443 1423 (p.
468 1338 567 1423 loa),
595 1336 796 1420 Huschkius,
822 1336 1066 1421 Lachmannus,
1089 1336 1230 1423 Silligius
1252 1336 1363 1421 (Gens.

316 1460 348 1522 p.
371 1437 472 1521 m),
500 1437 674 1523 Hauptius,
700 1435 932 1520 Rossbachius,
954 1436 1132 1501 Pleitnerus
1154 1436 1199 1522 (p.
1223 1437 1290 1521 90.)
1311 1460 1364 1503 vv.
1417 1465 1419 1467 ·

320 1536 451 1599 11-13.
474 1537 590 1621 partim
612 1535 760 1619 secundi,
781 1537 901 1621 partim
921 1536 1001 1601 alius
1024 1536 1189 1601 cuiusdam
1212 1536 1365 1599 carminis

318 1634 533 1719 fragmentum
561 1656 631 1698 esse
658 1633 804 1699 arbitrati
830 1647 911 1699 sunt
955 1634 1052 1716 Quod
1077 1635 1146 1699 rem
1171 1637 1273 1722 ipsam
1288 1656 1367 1721 spe

318 1734 417 1798 ctanti
448 1734 527 1797 mihi
557 1733 654 1818 longe
687 1756 779 1798 secus
808 1734 946 1799 videtur.
995 1733 1124 1821 Optime
1151 1735 1236 1798 enim
1264 1735 1365 1797 oratio

314 1829 476 1919 procedit,
499 1831 673 1918 quodiam
693 1834 861 1919 perspexit
882 1834 1092 1919 Decringius,
1121 1833 1175 1919 qui
1196 1833 1244 1896 sic
1265 1831 1366 1917 expli-

317 1943 382 1996 cat:
405 1931 446 1995 »Si
454 1954 594 2017 possem,
616 1931 718 2016 coquit
733 1945 835 2016 poeta,
858 1932 962 1996 codem
981 1931 1080 2014 modo,
1102 1955 1142 1996 aa
1154 1933 1266 2017 puella
1286 1954 1366 2012 mec,

312 2053 442 2115 passere
468 2031 522 2095 illo
548 2032 599 2094 uti
616 2030 661 2094 ad
681 2030 829 2095 beandas
850 2033 951 2096 crebri
968 2055 1074 2114 curae,
1102 2045 1166 2095 tam
1183 2044 1309 2118 pratum
1328 2029 1368 2094 id

316 2130 395 2193 miti
402 2131 504 2216 soret,
528 2153 620 2213 quam
636 2129 719 2214 quod
729 2132 951 2217 gratissimum
981 2129 1081 2195 Recte
1097 2130 1166 2212 ille3
1188 2152 1266 2193 nam
1281 2129 1363 2192 haec

317 2229 379 2291 tria
399 2226 502 2291 verba
522 2240 685 2314 postrema
707 2228 846 2292 candem
867 2230 1059 2293 sententiam
1074 2229 1247 2311 continent,
1270 2249 1367 2313 quam

319 2325 462 2391 Catullus
489 2326 557 2390 sive
586 2328 711 2410 poetico
740 2329 809 2390 sive
831 2349 888 2390 suo
910 2326 1051 2412 quodam
1072 2348 1112 2390 ae
1132 2326 1256 2391 lascivo
1275 2348 1367 2389 more

318 2423 420 2489 tribus
447 2424 614 2490 versiculis
641 2426 814 2511 expressit3
847 2424 891 2488 ad
917 2425 1004 2510 quod
1030 2424 1274 2512 percipiendum
1299 2446 1367 2489 non

233 2517 238 2522 ’
321 2522 476 2588 inutiliter
493 2526 674 2610 comparari
689 2535 829 2611 possunt,
848 2546 931 2610 quae
947 2524 1106 2611 Hauptius
1121 2524 1251 2604 Quaest.
1267 2547 1298 2611 p.
1315 2523 1367 2588 90.

219 2634 223 2640 '
319 2623 361 2687 de
384 2622 638 2709 digressionibus
660 2622 854 2710 quibusdam
876 2623 1025 2710 disputat
1069 2622 1139 2687 Iam
1165 2635 1199 2689 ut
1223 2625 1367 2689 virorum

318 2723 576 2787 doctissimorum
597 2724 772 2787 sententias
793 2722 1046 2810 perpendamus,
1067 2725 1091 2787 ii
1111 2725 1267 2809 imprimis
1287 2725 1367 2787 vitu·

318 2821 456 2909 perandi
473 2822 631 2906 videntur,
654 2823 708 2908 qui
728 2822 827 2886 v.10.
851 2844 982 2885 carmen
1003 2834 1078 2909 apte
1100 2822 1249 2887 concludi
1269 2844 1367 2908 posse

320 2922 519 3005 existimant,
548 2920 634 3008 quod
656 2923 684 2985 si
705 2921 808 3006 fieret,
835 2922 931 2985 nimis
953 2920 1106 3008 abruptus
1127 2922 1201 2985 finis
1222 2931 1307 2985 esset
1326 2942 1367 2984 ae

319 3019 555 3085 desideraretur
576 3021 744 3085 harmonia
766 3020 939 3106 quaedam,
967 3042 1030 3106 qua
1055 3032 1155 3085 totum
1179 3042 1308 3084 carmen
1331 3022 1365 3083 in

319 3118 398 3183 duas
420 3118 510 3183 haud
531 3121 664 3182 nimium
686 3119 856 3182 dissimiles
877 3129 985 3202 partes
1001 3117 1213 3199 divideretur3
1236 3140 1367 3202 respon·

319 3217 433 3281 darent
461 3218 547 3280 enim
572 3227 639 3280 tum
665 3238 777 3279 versus
806 3216 870 3279 duo
891 3217 1085 3300 posteriores
1107 3226 1271 3302 tamquam
1291 3238 1368 3301 apo-

319 3314 406 3379 dosis
434 3325 506 3379 octo
533 3312 703 3401 prioribus
746 3314 797 3378 Ac
818 3314 998 3379 Pleitnerus
1026 3317 1158 3403 insuper
1184 3315 1368 3379 humaniter

318 3413 428 3501 lapsus
455 3414 652 3478 commisisse
679 3412 821 3499 videtur,
849 3424 885 3478 ut
905 3426 1018 3480 notum
1039 3415 1171 3503 aliquod
1193 3415 1234 3479 de
1256 3415 1367 3502 Scylla

319 3524 351 3577 ct
374 3512 543 3599 Charybdi
570 3512 690 3577 dictum
717 3515 751 3577 in
779 3536 853 3578 eum
880 3516 1066 3599 conveniat3
1094 3517 1133 3580 iis
1155 3517 1242 3579 enim
1261 3514 1366 3581 tribus

318 3612 481 3696 versibus,
509 3612 551 3675 de
577 3611 693 3698 quibus
715 3637 801 3678 nunc
823 3617 964 3700 agimus,
990 3617 1178 3702 praeposuit
1199 3614 1270 3678 illos
1291 3624 1366 3697 tres,

319 3714 374 3799 qui
394 3711 492 3777 hodie
514 3722 678 3797 tamquam
699 3711 916 3798 fragmentum
936 3723 1011 3799 post
1028 3735 1125 3776 carm.
1140 3714 1233 3777 XIV.
1255 3711 1367 3797 legun·

318 3821 383 3893 tur,
404 3814 451 3877 ita
473 3821 508 3876 ut
529 3833 628 3875 uuum
649 3812 850 3897 epigramma
871 3812 1043 3895 efficiatur3
1065 3812 1100 3874 in
1122 3834 1186 3899 quo
1203 3810 1370 3876 locutione

321 3933 430 3974 manus
451 3910 612 3975 admovere
632 3910 732 3975 altari
749 3909 836 3973 idem
858 3909 1035 3997 significari
1055 3920 1156 3997 putat,
1179 3910 1266 3999 quod
1287 3910 1366 3976 haer

320 4008 354 4071 ia
374 4032 484 4073 monus
503 4034 622 4075 sumere
642 4012 663 4075 i.
679 4033 707 4075 e.
730 4012 836 4098 legere.
864 4010 1026 4096 Equidem
1046 4021 1193 4097 putaram
1217 4034 1289 4075 cum
1312 4011 1366 4077 da

222 4097 229 4115 ¹
319 4108 387 4172 tivo
408 4130 566 4194 personae
587 4111 732 4177 iunctum
752 4111 840 4176 idem
861 4111 930 4176 fere
947 4132 1017 4177 esse
1038 4109 1069 4176 h.
1088 4111 1123 4197 1.,
1147 4109 1235 4199 quod
1254 4136 1366 4179 macac
