3392 4959
829 534 869 605 41

324 752 458 818 Lachm.
480 752 519 817 L.
541 750 639 817 habet
656 753 772 838 potnit,
795 752 896 817 altera
916 772 1013 815 manu
1025 751 1149 837 fertnr,
1175 748 1263 836 quod
1283 758 1371 813 recte

324 875 359 917 se
371 851 488 916 babet.
521 851 606 916 Illud
623 853 724 936 potnit
744 861 930 938 corruptum
947 872 1017 914 esse
1035 871 1052 912 e
1070 850 1263 934 glossemate
1280 850 1374 912 noluit

324 951 406 1016 vidit
427 952 546 1037 Haupt.
563 951 697 1031 Quaest.
716 950 830 1015 Catull.
853 974 885 1036 p.
904 950 970 1033 33,
993 951 1187 1012 assentiente
1209 948 1371 1012 Pleitnero

324 1052 436 1136 Progr.
458 1075 489 1137 p.
508 1053 550 1135 t,
573 1051 629 1136 qui
649 1072 709 1136 pro
730 1051 864 1112 volvitur
885 1049 988 1112 sumit.
1021 1048 1074 1112 De
1096 1073 1115 1111 a
1138 1057 1169 1111 et
1191 1070 1208 1110 o
1231 1047 1373 1111 confusis

324 1150 399 1215 vide
421 1172 520 1236 supra
541 1150 585 1213 ad
607 1150 667 1232 VI,
692 1150 740 1212 12.
776 1149 962 1212 Postremae
985 1146 1125 1232 denique
1146 1169 1260 1211 versus
1282 1148 1372 1210 vocis

323 1250 448 1313 initium
471 1258 656 1334 corruptum
677 1247 807 1312 videtur
828 1245 1028 1311 evocabulo
1051 1244 1263 1327 antecedenti,
1287 1244 1374 1331 quod

324 1347 367 1411 ab
394 1371 429 1410 os
454 1348 577 1432 incipit.
620 1346 776 1433 Reliquae
803 1346 929 1411 litterae
952 1347 993 1409 cit
1013 1367 1072 1431 pro
1095 1358 1127 1408 tn
1148 1345 1299 1408 facillime
1321 1344 1374 1407 de-

324 1448 456 1531 pravari
476 1456 663 1531 potuerunt,
689 1469 766 1509 nam
787 1470 803 1509 a
825 1456 857 1509 et
879 1459 891 1509 t
911 1447 1041 1509 mutatis
1063 1445 1143 1508 nihil
1164 1445 1373 1529 frequentius,
1458 1513 1462 1519 ¹

326 1544 367 1608 de
390 1544 505 1630 quibus
528 1545 675 1610 omnibus
697 1544 817 1609 videsis
838 1545 994 1608 Pleitneri
1014 1544 1128 1629 Progr.
1151 1567 1182 1630 p.
1205 1545 1233 1606 7.
1258 1553 1289 1607 ct
1312 1543 1375 1606 Hc-

325 1666 437 1708 raeum
456 1668 488 1730 p.
512 1646 581 1709 101.
589 1695 598 1728 ,
619 1668 651 1730 p.
673 1645 724 1708 29.
748 1666 816 1729 sqq.
920 1649 925 1659 '

408 1744 484 1807 Duo
514 1754 638 1808 restant
665 1742 913 1828 commonenda3
945 1743 1085 1830 primum
1115 1742 1201 1805 enim
1226 1741 1375 1804 maluerit

324 1841 448 1927 aliquis·
460 1842 595 1906 forsitan
615 1856 700 1906 rates
722 1865 818 1928 quam
839 1844 986 1928 scapham
1016 1843 1071 1906 illa
1095 1851 1202 1905 tamen
1223 1827 1291 1904 voi<
1311 1861 1373 1903 neo

323 1941 449 2005 facilior
471 1951 519 2004 est
541 1941 706 2027 explicatu
727 1952 759 2006 et
781 1943 886 2007 minus
908 1953 985 2028 apta
1007 1951 1075 2006 tum
1096 1941 1171 2005 voci
1190 1952 1373 2022 aestuantes,

323 2050 391 2104 tum
411 2042 546 2104 minatae
566 2043 644 2104 nani
662 2066 693 2106 v.
718 2043 767 2105 13.
805 2042 890 2106 Turn
913 2043 1002 2106 cuius
1025 2063 1119 2105 aures
1140 2039 1305 2105 tribracho
1328 2062 1375 2102 se-

325 2139 432 2202 cundo
463 2139 536 2203 loco
568 2143 673 2225 posito
707 2163 805 2226 supra
836 2140 969 2204 modum
1001 2139 1222 2221 offenduntur,
1254 2140 1282 2201 is
1313 2137 1376 2201 sibi

325 2237 427 2302 verba
449 2241 495 2302 sic
517 2247 723 2324 transponat:
746 2240 841 2301 hienae
862 2240 967 2321 maris,
991 2260 1187 2323 quamquam
1207 2227 1287 2301 mihi
1308 2238 1376 2323 qui-

326 2337 401 2401 dem
421 2337 476 2400 illa
496 2337 614 2422 longae
637 2335 782 2422 syllabae
803 2338 838 2399 in
860 2335 941 2400 duas
963 2336 1081 2401 breves
1104 2337 1217 2400 solutio
1237 2335 1280 2399 ad
1296 2346 1375 2399 tem-

324 2438 459 2522 pestatis
488 2438 553 2500 vim
579 2437 853 2522 rapacitatemque
881 2434 993 2499 vivide
1016 2435 1264 2500 describendam
1286 2457 1375 2519 ogre·
1458 2437 1461 2441 ’

325 2537 380 2620 gie
401 2535 509 2598 facere
530 2535 667 2600 videtur.
696 2535 915 2621 Displiocrent
930 2557 1025 2620 porro
1044 2556 1127 2620 quae
1144 2536 1191 2598 sic
1208 2544 1375 2598 orerentur

326 2634 498 2717 diaerescs,
521 2657 600 2720 quas
616 2646 865 2720 vocant„quum
887 2635 1005 2719 singuli
1026 2633 1126 2720 pedes
1149 2634 1283 2718 singulis
1305 2657 1376 2698 ver-

253 2721 258 2730 ’
326 2733 376 2798 bis
398 2735 661 2819 terminarentur,
683 2757 877 2821 quamquam
898 2736 1020 2823 primus
1043 2733 1175 2798 elisione
1198 2735 1376 2798 excusatio-

326 2855 402 2897 nem
433 2833 581 2917 haberet,
614 2834 660 2897 ita
688 2845 723 2898 ut
748 2856 853 2920 paene
879 2856 940 2921 par
965 2856 1078 2898 versus
1106 2833 1260 2898 evaderet
1285 2856 1316 2896 v.
1345 2832 1374 2894 8.

324 2933 389 2996 Pro
411 2933 542 2998 ostendit
567 2935 588 2997 i.
611 2956 638 2997 e.
657 2935 745 3020 facit
765 2947 799 2997 nt
820 2935 1063 3018 conspiciantur,
1093 2933 1290 3018 exspectarit
1314 2930 1376 2993 for-

326 3033 411 3095 sitan
443 3034 603 3120 quispiam
634 3030 827 3096 vocabulum
852 3034 957 3117 magis
985 3033 1161 3116 poeticum,
1196 3029 1282 3115 quod
1309 3051 1375 3091 non

325 3133 545 3194 necessarium
567 3140 629 3211 est3
652 3129 746 3213 quale
767 3131 795 3192 si
817 3131 888 3213 quis
905 3128 1081 3213 protulerit,
1103 3137 1210 3191 utrum
1226 3149 1285 3191 nos
1303 3126 1376 3190 falsi

327 3228 439 3311 simus,
461 3229 527 3290 iarn
547 3226 752 3299 videbimus,

783 3677 870 3772 xn,
896 3679 924 3755 ι.

412 3823 540 3889 Nomen
562 3825 727 3910 proprium
747 3848 778 3888 v.
803 3827 831 3888 1.
856 3833 1039 3910 corruptum
1062 3832 1118 3887 est.
1162 3823 1303 3886 Ameana
1324 3822 1377 3885 ha-

330 3922 408 3986 bent
430 3925 558 3988 codices
581 3925 689 4007 Statii,
711 3946 787 4009 pars
806 3925 1052 4006 Vossianorum,
1075 3943 1209 4008 quonnn
1231 3922 1285 3985 alii
1304 3923 1378 3985 Aon-

331 4044 419 4084 cana.
449 4021 575 4107 Ouiae,
591 4023 726 4089 D1·csd.:
750 4049 771 4087 a
789 4047 886 4107 mean,
901 4024 1105 4086 Lachmanni
1118 4023 1166 4086 D:
1191 4047 1211 4085 a
1230 4045 1277 4085 nte
1291 4046 1333 4085 an
1347 4048 1376 4106 a,

332 4121 370 4184 L.
394 4120 535 4203 *Annene
561 4146 654 4208 optim
705 4124 866 4191 Avantius
895 4124 1046 4189 coniecit:
1079 4123 1128 4187 Aa
1154 4146 1200 4187 rne
1225 4123 1284 4188 itta
1308 4124 1366 4188 itta
