3392 4959
823 509 867 581 58

322 737 390 808 tem,
409 744 509 809 supra
528 723 661 789 modum
676 724 841 790 audacter.
868 725 1021 790 Handius
1034 735 1090 789 v'v.
1107 724 1283 789 138÷14n
1300 747 1371 810 spu·

322 824 388 887 rios
409 822 536 907 habuit,
557 824 592 886 in
614 824 703 887 ouius
725 826 917 889 sententiam
938 823 1072 888 inclinat
1094 822 1250 908 Silligius3
1277 824 1371 887 Ross-

322 921 458 985 bachius
468 931 587 986 eontra
598 920 706 985 locum
716 922 906 987 lacunosum
920 945 992 986 esse
1006 921 1193 1005 arbitratum
1210 922 1372 986 excidisse

323 1030 406 1105 post.
428 1043 460 1085 v.
480 1020 551 1084 139.
572 1020 654 1083 duos
675 1043 797 1104 versus,
818 1021 881 1104 vel,
903 1020 1115 1107 quodminus
1136 1019 1306 1105 probabile
1327 1022 1373 1085 vi

325 1118 455 1201 deam,
479 1128 553 1204 post
579 1142 610 1183 v.
635 1119 705 1183 140.
748 1120 831 1191 Mire
852 1120 988 1184 Vossius
1014 1129 1071 1183 aut
1081 1120 1285 1206 stuprantem,
1311 1140 1373 1205 pro
1490 1159 1495 1167 ·

314 1217 476 1303 flapruas,
504 1228 558 1281 aut
584 1240 712 1281 noscens
731 1241 791 1304 pro
812 1231 982 1282 arescentem
1003 1240 1023 1281 a
1044 1218 1170 1283 Catullo
1193 1240 1251 1303 per
1273 1218 1373 1283 soloe-

325 1317 460 1382 cismum
486 1315 555 1379 vult
579 1315 703 1380 dietum
729 1339 813 1400 esse,
838 1328 909 1380 tum
934 1317 1217 1403 supplendumest
1237 1327 1292 1381 aut
1302 1317 1375 1403 fnit
1455 1377 1457 1385 s

325 1425 383 1479 aut
409 1416 488 1480 tutat
535 1413 708 1479 Santemus
736 1417 889 1479 coniecit:
912 1416 1102 1502 stuprantem
1127 1416 1257 1479 conatae
1281 1416 1373 1498 iram,

326 1512 557 1578 Lachmannus
567 1515 764 1601 stuprantem
784 1517 943 1599 caereoqait
962 1516 1052 1598 &aaa
1075 1513 1162 1600 quod
1181 1523 1375 1597 receperunt

326 1612 486 1697 Hauptius
509 1621 541 1677 et
557 1600 713 1698 'Heysius
755 1612 921 1699 Flopraoe't
942 1624 973 1678 et
983 1612 1153 1700 funerabat
1169 1613 1250 1697 quin
1272 1634 1376 1675 corre

329 1720 452 1775 storum
473 1712 545 1795 sint,
566 1733 661 1775 nemo
685 1710 861 1795 dubitabit,
884 1711 1000 1797 quibus
1020 1721 1130 1775 tamen
1145 1709 1376 1775 mutationibus

327 1808 408 1874 nihil
421 1809 620 1894 proficimus,
640 1832 737 1895 quum
753 1820 786 1875 et
800 1799 1046 1896 „quotidianus“
1062 1819 1094 1874 et
1109 1808 1291 1895 ,quotidie‘
1305 1808 1376 1872 ubi-

330 1928 401 1992 que,
423 1906 563 1971 hoeuuo
578 1907 649 1972 loeo
665 1919 810 1994 exeepto,
831 1910 937 1994 prima
951 1907 1077 1993 syllaba
1092 1917 1249 1993 correpta,
1265 1928 1376 1971 semm-

332 2004 375 2072 da
395 2004 553 2090 producta
571 2007 786 2089 inveniamus3
809 2028 909 2092 quare
928 2007 1016 2071 illam
1032 2028 1148 2072 vocem
1166 2028 1209 2070 ex
1225 2006 1288 2069 hoo
1304 2005 1378 2070 loeo

330 2102 479 2185 exsulare
500 2103 668 2169 iubeamus
690 2114 825 2190 oportet.
853 2106 1029 2171 Praeterea
1044 2106 1242 2191 comparatio
1259 2104 1378 2169 alaudi-

331 2212 398 2285 cat3
420 2225 497 2267 nam
516 2202 580 2267 hoe
602 2202 710 2267 dicere
733 2202 830 2269 debet
850 2214 957 2291 poeta,
978 2214 1110 2291 propter
1128 2203 1163 2267 id
1184 2202 1272 2289 quod
1286 2224 1378 2289 prae

329 2300 476 2387 graditur
485 2303 583 2389 farta
591 2304 743 2389 feremus,
762 2302 921 2367 Iunonem
938 2304 1022 2367 iram
1041 2324 1134 2367 suam
1150 2301 1378 2385 dissimulasse,

330 2422 398 2468 non
425 2422 498 2465 eam
524 2403 704 2467 evomuisse
729 2400 782 2466 vel
808 2424 847 2465 ea
867 2402 1033 2487 flagrasse.
1077 2402 1250 2485 Ingeniosa
1268 2407 1380 2465 autem

331 2509 428 2585 atque
448 2502 507 2584 ita,
534 2511 570 2566 ut
590 2522 615 2565 a
631 2522 709 2565 vero
731 2502 880 2587 proximo
901 2500 1071 2564 intervallo
1093 2499 1235 2582 abesset,
1254 2508 1382 2562 vrectam

330 2599 419 2664 viam
434 2600 556 2683 primus
571 2600 736 2683 ingressus
753 2610 801 2664 est
817 2598 999 2683 Santenius,
1020 2599 1075 2683 qui
1091 2597 1177 2684 quod
1190 2619 1237 2661 ex
1252 2595 1380 2682 syllaba

331 2719 375 2775 na
395 2695 504 2760 elicuit
524 2698 607 2760 e‘ram
624 2695 805 2760 emendatio
821 2696 974 2783 palmaris
991 2706 1048 2761 est.
1075 2696 1119 2779 M,
1136 2706 1171 2760 ut
1188 2695 1379 2779 sexcenties,

333 2794 468 2879 excidit,
488 2795 521 2859 ἐν
535 2804 650 2859 autem
663 2804 698 2859 et
713 2818 735 2857 a
755 2795 839 2859 inter
860 2815 896 2859 se
914 2804 1180 2859 commutatorum
1196 2793 1381 2880 exemplum

333 2904 382 2959 est
404 2893 519 2959 Catull.
541 2893 670 2977 XXXI,
692 2892 731 2976 5,
753 2892 810 2957 ubi
825 2891 1018 2978 Laehm.D.
1041 2891 1180 2955 aedera
1199 2891 1300 2956 habet
1320 2906 1381 2977 pro

331 2991 468 3056 eedem.
500 2991 567 3058 Sed
580 2994 616 3056 in
631 2992 778 3057 Santonii
793 3001 824 3056 et
837 2991 1042 3055 Lachmanni
1057 2991 1255 3074 coniecturis,
1272 3012 1381 3077 quam-

334 3114 431 3178 quam
452 3090 563 3174 verba,
585 3113 667 3177 quae
685 3100 928 3177 proposuerunt,
949 3091 1081 3154 notione
1099 3111 1158 3153 sua
1174 3090 1295 3175 optime
1311 3110 1381 3152 sen-

332 3192 453 3256 tentiae
476 3190 685 3273 satisfaciunt,
709 3188 858 3275 displicet
877 3199 987 3253 tamen
1008 3209 1162 3273 praesens
1183 3197 1318 3273 tempus,
1340 3208 1381 3252 ae

331 3288 488 3373 postulari
508 3298 586 3374 puto
602 3289 823 3373 praeteritum.
864 3288 950 3351 Nam
972 3285 1090 3351 Catulli
1110 3285 1310 3371 temporibus
1331 3285 1381 3349 Iu-

332 3407 452 3449 nonem
484 3387 598 3470 opinor
628 3385 787 3451 eiusmodi
817 3386 935 3473 perfidi
965 3386 1113 3469 coniugis
1140 3385 1237 3449 frutis
1266 3385 1383 3449 vexari

334 3484 400 3547 iam
414 3481 550 3547 desitam
566 3505 636 3547 esse
650 3483 750 3550 credi.
777 3483 886 3563 Quare
902 3507 1000 3570 quum
1012 3483 1209 3567 „continuit“
1221 3482 1275 3548 vel
1288 3506 1383 3568 „oon-

336 3581 443 3647 eoxit“
468 3592 570 3647 metro
595 3593 801 3669 respuantur,
829 3583 981 3647 ooniieio:
1012 3581 1151 3646 anana
1170 3582 1266 3666 iram,
1294 3580 1382 3668 quod

336 3692 369 3747 et
393 3704 453 3769 per
480 3704 515 3746 se
543 3703 647 3768 aeque
673 3680 794 3747 bonum
820 3692 883 3767 est,
916 3692 948 3747 et
974 3702 995 3746 a
1021 3680 1117 3746 codd
1138 3704 1214 3746 mss.
1236 3680 1383 3765 vestigiis

337 3782 434 3848 etiam
454 3782 560 3845 minus
581 3780 687 3847 distat
709 3781 795 3845 Nam
815 3781 1020 3846 Laehmanni
1033 3781 1200 3865 eoncopm't
1220 3777 1382 3864 quomodo

336 3902 460 3968 eruam,
493 3881 618 3964 neseio,
651 3880 739 3967 quod
763 3880 853 3944 illum
880 3882 1027 3967 suspicor
1052 3878 1138 3944 hane
1163 3876 1207 3942 ob
1230 3898 1384 3941 -eaussam

335 3978 532 4064 praetulisse,
555 3977 642 4065 quod
661 4001 728 4044 vox
746 3980 852 4065 magis
866 3981 995 4065 poetica
1006 3988 1103 4063 esset,
1120 3996 1222 4063 v(puttam
1232 3976 1383 4042 Santenii

336 4076 477 4169 cam,
504 4077 592 4165 quod
616 4086 726 4145 tamen
745 4078 845 4152 multe
866 4078 992 4146 facilius
1009 4089 1073 4146 est.
1115 4076 1202 4145 Nam
1222 4086 1288 4143 tres
1309 4096 1385 4143 eun
