3392 4959
323 729 422 806 rent,
443 723 507 786 nisi
528 721 617 808 quod
637 721 835 809 L.‚pracb·e:
855 712 931 809 qud,
958 721 1194 788 Laurentianus
1221 745 1289 808 qao.
1331 724 1371 788 In

324 830 451 892 vetusto
472 820 582 885 Vossii
602 820 733 904 Mediol.
755 833 787 887 et
807 820 942 886 Dresd:
971 820 1013 887 δι’
1030 823 1180 906 quaudo
1203 870 1316 887 ......
1339 845 1372 887 sc

326 965 441 985 ......
464 920 578 985 obsistt
598 920 726 1004 hircus,
743 920 830 985 unde
851 911 987 988 Vossius
1006 920 1143 985 ‘fortasse
1164 917 1373 986 scribendum
1438 984 1441 990 .

325 1039 397 1082 esse
417 1020 597 1104 suspicatus
615 1029 678 1084 est:
706 1018 747 1085 Si
757 1020 833 1104 quoi
842 1020 965 1083 virosus
986 1066 1101 1084 ......
1122 1020 1239 1083 obstitit
1252 1019 1370 1104 hircum

324 1116 385 1181 sed
398 1117 509 1182 maluit
527 1127 637 1181 tamen
654 1119 800 1204 recipere
815 1118 995 1204 vulgatam:
1023 1116 1065 1183 si
1074 1142 1146 1202 qua,
1174 1118 1273 1200 Virro,
1295 1120 1372 1182 boso

323 1238 413 1295 sacer
433 1216 557 1283 alaram
578 1218 695 1281 obstiti:
715 1217 834 1301 lirosa,
858 1226 884 1281 a³
899 1215 1072 1283 Parthenio
1094 1216 1287 1303 profectam,
1308 1219 1372 1283 nisi

325 1314 413 1401 quod
438 1316 636 1401 isscripsit:
666 1316 751 1401 quoi,
779 1325 875 1401 quein
900 1317 1002 1381 secuti
1027 1326 1100 1380 sunt
1112 1304 1318 1401 ‘Doeringius
1339 1326 1373 1380 et

325 1412 477 1499 Silligius.
514 1413 650 1478 Vossius
673 1424 705 1478 et
725 1414 862 1500 Vulpius
884 1415 960 1479 boso
982 1414 1213 1479 adverbialiter
1232 1417 1371 1501 positum

324 1534 396 1586 esse
410 1522 533 1598 putant,
555 1522 589 1577 ut
604 1512 693 1599 apud
707 1513 899 1578 Ciceronem
916 1508 1036 1577 dictum
1052 1516 1106 1578 sit:
1140 1514 1256 1591 Quodvis
1272 1514 1375 1604 occidi

323 1610 470 1676 Roscium
484 1613 645 1699 bonefaci.
665 1612 794 1698 Inepte!
817 1612 960 1677 Muretus
976 1614 1116 1698 scripsit:
1139 1612 1180 1677 Si
1191 1614 1249 1695 cai,
1272 1613 1371 1696 Virro,

322 1710 442 1799 domiai
459 1734 548 1775 sacer
569 1712 700 1795 aarum,
720 1712 756 1779 ln
778 1710 894 1797 quibus
914 1712 1032 1776 Ιιωηῖηί
1049 1710 1185 1775 Guarini
1205 1712 1372 1777 inventum

253 1853 255 1855 -
324 1819 387 1894 est3
409 1810 572 1875 Palladius
595 1812 746 1881 coniecit:
770 1808 810 1875 si
827 1811 904 1895 quoi
920 1812 989 1874 iare
1010 1811 1085 1874 boso
1105 1835 1199 1874 sacro
1213 1834 1278 1893 res:
1300 1810 1369 1875 illa:

324 1909 357 1971 si
385 1909 438 1973 cai
466 1910 533 1973 :irre
565 1910 641 1972 bono
667 1920 858 1995 receperunt
883 1910 1057 1991 Aventius,
1085 1908 1160 1974 Ald.
1188 1909 1229 1992 L,
1254 1908 1370 1993 Basil.;

325 2005 399 2073 edd.
421 2007 497 2090 vie,
513 2008 604 2071 Brix.
632 2006 767 2071 habent:
801 2006 842 2072 Si
864 2010 918 2071 cai
942 2007 1104 2091 Virrobos;
1135 2008 1302 2093 Meleager
1323 2032 1372 2072 su·

325 2106 523 2192 spicabatur:
560 2105 601 2170 Si
624 2107 709 2192 quoi,
743 2106 847 2189 Virro,
875 2106 980 2170 danos
1001 2130 1089 2171 sacer
1111 2109 1234 2171 alarum
1255 2106 1373 2171 obsidat

322 2206 441 2289 hircum
463 2206 632 2269 Heinsius:
655 2228 748 2290 caper
770 2207 894 2271 alarum
915 2207 1030 2270 obstitit
1051 2207 1166 2270 hs'rcaa.
1208 2206 1370 2291 Scaliger,

324 2327 519 2391 quamquam
540 2328 628 2369 sacer
649 2306 773 2369 alarum
794 2306 871 2390 quin
891 2316 979 2369 recte
996 2316 1174 2369 correctum
1191 2315 1283 2387 esset,
1304 2328 1372 2369 non

325 2403 485 2488 dubitans,
509 2412 541 2468 et
561 2403 676 2469 Rossb.
700 2415 883 2489 corruptam
903 2403 1059 2468 librorum
1080 2405 1270 2488 scripturam
1292 2402 1371 2467 dare

324 2504 422 2567 satius
445 2502 615 2568 duxerunt.
651 2502 881 2567 Lachmannus
904 2504 965 2567 sic:
995 2502 1036 2567 si
1054 2504 1139 2588 quoi,
1168 2503 1272 2587 Virro,
1294 2503 1372 2566 bono

323 2623 494 2671 :sacrorum¹
509 2603 626 2668 obstitit
645 2602 763 2685 lazicus:
790 2602 952 2687 Hauptius
974 2601 1106 2681 Quaest.
1130 2601 1242 2667 Catuli.
1264 2624 1296 2687 p.
1319 2601 1369 2665 91.

325 2721 408 2786 sqq.:
431 2698 472 2763 si
489 2701 566 2784 quoi
582 2701 650 2762 iure
671 2701 747 2763 boso
764 2722 853 2762 sacer
868 2701 992 2763 alarum
1008 2702 1123 2765 obstitit
1139 2702 1252 2784 hircus,
1275 2722 1371 2786 quem

326 2809 454 2863 secutus
480 2808 529 2862 est
554 2797 707 2883 Heysius.
750 2797 794 2861 Et
821 2820 919 2883 quum
946 2809 1056 2863 cetera
1082 2801 1213 2884 egregie
1242 2798 1372 2865 dehoc

326 2919 424 2964 versu
445 2896 656 2981 disputaverit
670 2896 839 2982 Hauptius,
861 2896 1015 2961 Italorum
1037 2898 1278 2962 emendationes
1300 2886 1376 2983 quoi

325 3006 357 3061 et
377 3018 466 3059 sacer
486 2995 610 3059 aarum
630 3007 718 3061 recte
738 2995 891 3082 probans,
920 2995 1020 3078 Virro,
1042 2996 1127 3078 bono,
1150 2997 1193 3061 ad
1213 2997 1300 3083 quod
1316 2996 1371 3060 ad-

323 3096 478 3168 iectivum
508 3096 571 3159 nisi
597 3094 832 3160 substantivum
860 3094 1034 3181 quodpiam
1060 3095 1199 3179 accedit,
1231 3094 1372 3160 barbare

325 3193 453 3279 dicitur,
480 3195 643 3277 reiiciens,
667 3204 776 3258 tamen
797 3204 871 3260 sunt
891 3194 1058 3278 nonnulla,
1079 3194 1250 3281 inquibus
1272 3197 1303 3258 ei
1323 3216 1372 3259 as-

325 3294 438 3357 sentiri
468 3314 534 3358 non
559 3293 689 3377 possim.
742 3293 857 3379 Neque
884 3295 970 3357 enim
996 3295 1049 3380 qui
1075 3315 1227 3379 umquam
1252 3294 1371 3358 Latine

326 3390 445 3455 dixerit
469 3392 538 3454 iore
558 3392 648 3474 bono,
676 3392 845 3476 quisquam
865 3394 1040 3475 invenitur3
1067 3415 1164 3476 quum
1187 3401 1372 3457 constanter

326 3489 451 3553 dicatur
470 3490 540 3552 iure
560 3491 683 3574 optimo.
709 3490 810 3553 Porro
830 3492 894 3554 ista
914 3489 1017 3556 verba
1037 3492 1147 3556 versui
1162 3493 1266 3577 primo
1282 3513 1372 3578 pror·

323 3611 379 3653 sus
400 3586 525 3653 inutilia
546 3599 661 3672 essent,
684 3611 788 3674 quum,
810 3588 897 3674 quod
917 3612 949 3654 v.
965 3591 995 3654 2.
1013 3589 1131 3675 legitur
1145 3592 1262 3675 mersio,
1283 3590 1372 3655 idem

324 3688 486 3773 significet
503 3687 595 3752 etad
611 3687 835 3752 antecedentia
852 3709 986 3774 quoque,
1004 3689 1090 3775 quod
1106 3689 1176 3753 fieri
1191 3711 1287 3776 posse
1304 3712 1372 3753 non

323 3787 659 3875 pernegatHauptius‚
671 3786 877 3851 referendum
888 3788 939 3851 sit.
958 3787 1055 3867 Quod
1069 3811 1147 3853 vero
1162 3788 1249 3851 idem
1262 3789 1371 3852 merito
1446 3822 1451 3831 ·

324 3885 473 3963 adverbii
494 3888 702 3972 praecipuam
723 3908 794 3951 esse
815 3888 882 3951 vim
902 3886 934 3951 h.
949 3886 970 3951 l.
993 3886 1159 3952 contendit
1179 3887 1316 3973 ideoque
1337 3889 1372 3951 in

322 3986 431 4071 priore
452 3986 518 4049 iam
537 4008 636 4051 versu
657 3984 802 4050 similiter
822 3985 901 4051 illud
922 3987 1138 4072 significatum
1157 3986 1265 4071 fuisse,
1288 3987 1373 4072 equi-

326 4080 401 4147 dem
414 4105 509 4171 nego‚
535 4084 648 4171 Neque
663 4085 749 4150 enim
762 4086 790 4161 is
805 4094 855 4152 est
869 4086 1099 4152 sententiarum
1112 4097 1225 4171 nexus,
1243 4085 1372 4173 qualem
