3392 4959
311 727 346 790 in
366 724 447 789 AId.
469 724 486 787 I
508 732 540 787 et
559 721 659 788 Basil.
682 721 819 810 (1530.):
863 724 947 787 Nam
973 724 1019 787 mi
1036 724 1199 808 praevolet
1223 723 1287 786 isto
1308 723 1360 787 ait

312 838 426 905 tacere,
456 821 519 886 Car
543 845 604 886 aaa
630 859 673 869 -
696 820 837 908 pandos,
863 844 902 885 aa
929 835 962 886 ta
987 822 1043 885 dcc
1087 822 1209 886 Statius
1229 821 1355 886 maluit:
1470 822 1474 833 '

312 922 396 987 Nam
420 923 458 985 ni
474 934 518 985 est
539 934 641 1006 torpe,
667 922 770 985 volens
791 921 874 985 aedil
890 935 1019 1003 taceres,
1047 919 1111 986 Oui
1127 945 1208 984 nanc
1228 934 1292 984 tam
1312 921 1356 984 la-

312 1034 380 1085 tera
398 1022 557 1107 ecfututa,
574 1019 702 1105 pandas
722 1019 771 1082 Ni
788 1032 822 1082 ta
916 1069 924 1084 .
955 1020 1114 1106 Scaliger:
1136 1020 1221 1084 Nam
1240 1020 1279 1083 ai
1294 1032 1356 1082 sta·

307 1144 385 1205 pra,
416 1121 497 1184 valet
527 1120 609 1183 aedil
638 1132 752 1199 tacere,
785 1116 884 1200 (Ourt
913 1141 975 1182 noa
1001 1131 1064 1182 tam
1089 1120 1188 1183 latera
1214 1121 1357 1205 ecfututa

306 1217 482 1303 pandantt)
509 1218 575 1281 Nec
601 1230 634 1281 ta
729 1266 737 1281 .
781 1217 930 1281 Vossius:
962 1217 1047 1281 Nam
1069 1219 1106 1282 ai
1123 1220 1248 1303 incapte,
1276 1213 1365 1281 vehi

308 1318 391 1381 aedit
415 1331 523 1381 tacere.
567 1315 630 1381 Oui
646 1338 708 1380 noa
726 1317 791 1380 iam
812 1317 912 1380 latera
932 1317 1075 1403 ecfututa
1091 1316 1235 1401 pandora
1255 1316 1356 1381 Noeta

310 1415 390 1499 qaid
409 1412 491 1480 ...?
535 1415 715 1501 Meleager:
752 1416 875 1492 Numae
900 1429 1011 1500 stupra
1036 1416 1120 1480 vala
1145 1416 1225 1480 mebi
1247 1429 1355 1496 tacere,

310 1513 377 1579 Gar
401 1536 463 1578 noa
489 1528 551 1579 tom
577 1516 677 1579 lutera
702 1516 845 1602 eafatwa
862 1514 1023 1601 paridam,
1054 1508 1158 1579 Noctu
1182 1514 1260 1599 quid
1279 1512 1356 1578 ...2

310 1614 524 1678 Passeratius:
547 1614 766 1699 adpreendat,
789 1614 824 1699 (i.
840 1636 868 1677 e.
890 1616 925 1678 ni
946 1637 1064 1701 spurca
1082 1616 1122 1679 sit
1129 1614 1163 1698 3).
1185 1614 1354 1678 Heinsius:

312 1713 412 1789 Qum
436 1713 486 1776 aa
505 1714 666 1797 proevalet
691 1714 767 1795 ista,
793 1714 976 1795 mitescere,
1011 1711 1075 1777 (har
1099 1736 1181 1776 nanc
1207 1713 1272 1775 iam
1298 1712 1355 1775 dte.

309 1811 505 1894 Doeringius
526 1813 561 1874 in
581 1812 683 1876 notis:
718 1811 803 1875 Nam
822 1814 873 1877 ait
885 1812 1047 1898 praevolet
1066 1814 1130 1875 ieta
1149 1811 1229 1876 madi
1246 1824 1355 1875 tacere.

308 1908 466 1995 Sffligius:
489 1933 521 1975 v.
545 1911 594 1975 12.
616 1920 651 1975 ut
671 1912 706 1975 in
726 1909 802 1975 Ald.
823 1911 866 1995 L,
887 1935 919 1976 v.
943 1912 1008 1976 la:
1040 1910 1105 1975 Gar
1124 1934 1206 1974 nanc
1226 1924 1289 1974 tam
1311 1910 1356 1973 la-

308 2021 376 2071 tera
396 2009 539 2095 eafatata
551 2008 697 2094 pandas,
723 2010 802 2092 Nec,
825 2024 859 2074 ta
881 2010 971 2094 ...ἒς
998 2010 1087 2075 idem
1109 2009 1205 2075 Gens.
1227 2033 1258 2095 p.
1280 2009 1354 2074 274

307 2106 415 2171 locum
438 2106 582 2172 nondum
607 2110 789 2173 restitutum
814 2131 886 2173 esse
907 2109 1011 2174 fassus
1033 2110 1241 2194 suspicatur:
1272 2108 1356 2171 Nam

308 2205 372 2269 ista
394 2206 576 2289 waevaleat
599 2206 680 2271 aedil
706 2220 818 2291 tacere,
844 2231 877 2273 v.
905 2208 955 2271 13.
977 2216 1010 2271 et
1032 2208 1081 2271 14.
1108 2216 1236 2292 praeter
1261 2205 1356 2292 pusil-

308 2303 374 2368 lam
395 2302 646 2390 orthographiae
667 2304 920 2391 discrepantiam
941 2305 1098 2392 (castitate
1119 2315 1152 2369 ct
1171 2305 1224 2390 ai)
1251 2303 1355 2369 Lach-

308 2425 463 2468 mannum
483 2411 621 2467 secutus.
657 2402 763 2489 Atque
784 2404 813 2467 is
833 2427 866 2468 v.
890 2404 939 2468 12.
962 2413 1161 2490 corruptum,
1183 2402 1285 2489 qualis
1307 2414 1356 2468 est

308 2504 344 2567 in
370 2501 442 2567 cod.
470 2502 528 2585 D.,
561 2500 673 2567 maluit
700 2501 869 2584 exhibere,
900 2525 997 2589 quam
1023 2504 1058 2566 in
1083 2501 1256 2567 verborum
1282 2524 1354 2566 con-

296 2611 433 2666 textum
463 2622 554 2665 suam
585 2602 620 2663 in
648 2600 858 2666 adnotatione
886 2603 998 2666 critica
1023 2603 1222 2688 propositam
1249 2603 1354 2667 conie-

309 2710 445 2765 cturam:
471 2700 554 2763 Nam
573 2700 623 2765 ait
640 2701 703 2764 ista
722 2702 817 2783 valet,
838 2702 931 2783 aedil,
953 2715 1062 2766 tacere.
1105 2701 1284 2788 Sequentes
1306 2702 1355 2764 sic

308 2799 448 2886 scripsit:
479 2796 563 2863 Car?
581 2821 643 2863 noa
663 2812 726 2863 tam
747 2800 846 2864 latera
867 2802 1005 2888 effetata
1021 2800 1163 2886 pandas,
1185 2799 1250 2863 Nes'
1266 2812 1354 2863 ta...

307 2898 498 2984 Spengelius
523 2923 555 2985 p.
584 2899 633 2962 99.
661 2918 693 2963 v.
722 2899 771 2963 12.
798 2908 833 2964 ut
859 2900 894 2963 in
920 2899 994 2964 Ald.
1021 2900 1063 2984 1.‚
1091 2923 1121 2965 v.
1149 2900 1198 2963 13.
1227 2908 1259 2963 et
1287 2896 1355 2962 lat-:-

309 2995 467 3062 Qtraoa?
491 2998 568 3062 Tam
582 2998 681 3062 latera
694 2998 990 3085 ecfatatapaadas‚
1004 2997 1070 3063 Nec
1083 3012 1206 3063 ta....
1228 2995 1354 3062 Husch-

306 3097 380 3161 kius
395 3120 426 3182 p.
443 3096 509 3159 46.:
532 3097 623 3181 atqui
632 3098 796 3179 promota
815 3097 879 3159 ieta
898 3097 948 3160 ast
965 3109 1079 3177 tacere,
1103 3094 1167 3158 Onr
1186 3118 1268 3159 acac
1289 3108 1356 3159 tam

307 3195 408 3258 latera
427 3194 572 3278 ecfututa
586 3192 745 3276 pandens,
766 3192 868 3257 Noeta
888 3192 966 3278 qaid
985 3193 1046 3257 ...!
1071 3193 1246 3279 Hauptius:
1269 3193 1356 3256 Nam

305 3292 356 3356 nit
379 3304 490 3376 stupra
514 3290 608 3371 vadet,
639 3290 731 3372 aedil,
765 3303 878 3375 tacere3
911 3290 1035 3379 reliqua
1060 3292 1208 3381 (praeter
1232 3293 1352 3378 cipro

307 3386 376 3471 aei)
398 3396 433 3451 ut
452 3387 693 3475 Lachmannus,
717 3391 806 3455 cuius
828 3393 967 3477 vestigia
986 3394 1105 3478 pressit
1122 3391 1350 3458 Rossbachius.

307 3487 462 3572 Heysius:
483 3487 580 3571 Nam,
602 3489 640 3553 ai
656 3491 719 3554 ista
740 3512 792 3554 ore
811 3491 906 3574 valet,
927 3492 1009 3556 aedil
1026 3505 1125 3557 tacere
1148 3491 1267 3557 (lteram
1287 3492 1352 3557 scm

306 3588 407 3651 latera
427 3588 562 3673 effatam
575 3589 704 3672 panda,
725 3589 826 3655 Noctu
846 3589 925 3677 qaid
944 3639 1025 3657 ....

389 3685 504 3772 Vides,
532 3698 652 3772 quanta
678 3689 718 3753 sit
743 3690 960 3776 suspicionum
985 3689 1101 3772 moles;
1133 3709 1213 3775 quas
1239 3709 1351 3753 omnes

306 3785 447 3851 refutare
482 3785 615 3851 furentis
651 3796 735 3852 esset
764 3786 818 3851 vel
850 3798 937 3853 certe
969 3788 1033 3852 otio
1065 3786 1238 3871 abutentis3
1274 3808 1351 3852 narn

307 3883 427 3948 multae
453 3907 563 3951 earum
589 3895 701 3972 aperte
726 3886 857 3972 ineptae
883 3895 971 3972 sunt,
998 3885 1117 3951 multae
1142 3908 1256 3973 parum
1279 3908 1352 3973 pro-

308 3979 448 4066 babiles5
470 3984 556 4070 quod
577 3994 733 4073 quatenus
754 4007 867 4051 verum
888 3986 928 4051 sit
948 3995 984 4051 ut
1003 3986 1207 4073 intelligatur,
1227 3986 1263 4051 in
1283 3987 1353 4053 uni-

307 4102 438 4148 versum
457 4103 563 4168 pauca
582 4084 741 4171 quaedam
762 4084 969 4152 considerare
989 4085 1068 4152 mihi
1087 4086 1193 4154 liceat.
1254 4141 1256 4146 ,
