3392 4959
327 724 400 788 kius
426 723 445 787 l.
468 723 504 807 l.;
533 732 645 787 contra
668 720 860 807 Spengelius
886 720 907 785 1.
929 720 1124 784 l.·defendit
1150 720 1255 804 audo,
1285 718 1372 805 quod

325 832 449 887 mutata
471 823 630 887 sententia
650 818 767 906 probat
790 820 934 905 Silligius
955 819 1089 883 Censur.
1111 843 1143 905 p.
1159 820 1231 883 286.
1260 817 1372 881 Gram-

326 924 516 987 maticorum
541 929 648 984 autem
670 919 885 982 Terentianus
906 920 1038 981 Maurus
1060 943 1091 1004 p.
1114 919 1222 1000 2440,
1250 918 1372 981 Marius

326 1020 512 1084 Victorinus
533 1043 565 1106 p.
587 1019 694 1102 2596,
716 1018 861 1081 Isidorus
884 1016 975 1102 Orig.
997 1018 1190 1099 V1,12,3.,
1212 1019 1372 1101 interpres

326 1119 455 1204 Virgilii
476 1118 674 1182 Veronensis
696 1117 739 1181 ad
758 1116 874 1201 Eclog.
894 1117 956 1199 VI,
979 1120 1006 1179 1.
1029 1127 1158 1180 tuentur
1177 1117 1277 1199 arido,
1301 1137 1373 1179 con-

325 1227 376 1282 tra
397 1217 514 1282 Atilius
530 1219 782 1282 Fortunatiauus
804 1239 836 1302 p.
853 1216 945 1279 2676.
969 1226 1001 1279 et
1020 1214 1208 1279 Guilielmus
1224 1216 1372 1279 Pastren-

326 1318 432 1402 gicus,
460 1316 500 1380 de
522 1339 586 1402 quo
607 1316 728 1401 videsis
750 1316 872 1401 Haupt.
896 1316 1027 1394 Quaest.
1052 1313 1123 1400 Cat.
1146 1339 1177 1399 p.
1200 1314 1244 1397 5.,
1267 1313 1371 1376 arida.

327 1415 451 1479 Summi
466 1437 544 1479 vero
561 1416 714 1478 momenti
732 1425 780 1478 est
796 1415 886 1477 locus
904 1414 1010 1477 Servii
1026 1413 1069 1476 ad
1085 1414 1177 1498 Virg.
1194 1413 1277 1476 Aen.
1295 1413 1372 1494 XII,

328 1514 399 1579 587.
422 1514 527 1578 hicce:
571 1513 728 1577 Ponticam
753 1514 897 1595 [autem]
922 1514 979 1576 iste
1002 1514 1173 1576 masculino
1192 1534 1300 1598 penore
1315 1535 1372 1596 po-

326 1615 405 1677 suit:
430 1626 458 1676 et
477 1614 557 1676 huuc
578 1615 741 1695 sequimur.
768 1612 874 1695 [Nam
894 1626 923 1676 et
943 1613 1076 1676 Plautus
1097 1613 1143 1674 ita
1165 1610 1278 1691 duait]
1303 1612 1374 1675 licet

327 1710 469 1776 Catullus
497 1711 612 1776 decrerit
627 1714 784 1800 femlutuo
810 1715 836 1793 [
838 1716 868 1795 (1
868 1713 900 1794 ).·
931 1710 1037 1775 Arida
1063 1710 1152 1774 modo
1174 1712 1297 1801 pumice
1323 1734 1372 1774 ea-

322 1812 483 1896 polltumJ.
513 1811 567 1875 Sic
582 1812 717 1875 Lioniu's
735 1822 766 1874 et
781 1811 995 1893 Burmannus,
1018 1811 1081 1873 nisi
1099 1810 1187 1895 quod
1202 1810 1256 1872 hic
1273 1823 1374 1872 autem

325 1911 417 1973 uncis
442 1931 507 1972 non
529 1902 658 1973 inclusit
680 1919 806 1995 etpost
827 1909 1023 1973 vocabulum
1045 1908 1187 1972 Catullus
1209 1907 1372 1972 adiectum

325 2008 424 2072 habet
452 2006 556 2071 Carus.
582 2007 615 2089 I,
650 2008 738 2093 quod
770 2018 880 2071 tamen
912 2030 1015 2093 aeque
1048 2017 1083 2071 ut
1108 2006 1212 2071 verba
1238 2007 1371 2091 inclusa,

326 2129 410 2194 quae
439 2107 551 2171 deesse
578 2106 713 2172 adnotat
739 2108 774 2171 in
802 2107 840 2172 L.
863 2107 940 2172 Vos.
963 2107 1001 2171 R.
1025 2106 1134 2192 Steph.
1157 2107 1260 2188 Dan,
1288 2105 1319 2170 h.
1343 2129 1371 2170 e.

326 2206 462 2293 optimis,
485 2216 573 2276 recte
590 2208 733 2293 spurium
748 2206 918 2271 iudicatur.
946 2206 1104 2271 Additum
1123 2206 1202 2271 illud
1220 2204 1324 2270 Carus.
1342 2206 1370 2286 I,
1399 2213 1402 2218 '
1433 2230 1442 2249 ·

326 2306 414 2393 quod
440 2304 593 2371 abhorret
618 2328 638 2369 a
659 2308 944 2391 grammaticorum
965 2317 1092 2371 veteres
1114 2308 1287 2393 scriptores
1308 2305 1373 2369 lau-

325 2404 427 2469 dandi
447 2427 546 2488 more,
569 2406 683 2489 effecit,
705 2417 741 2470 ut
764 2406 905 2470 editores
927 2407 1126 2491 antiquiores
1145 2406 1251 2470 Servii
1266 2406 1373 2468 locum

324 2505 534 2590 respicientes
557 2506 626 2567 sine
647 2505 712 2593 ulla
731 2504 933 2568 dubitatione
956 2504 1051 2567 arada
1072 2503 1279 2566 scribendum
1302 2526 1372 2566 esse

326 2601 569 2665 contenderent.
628 2601 694 2664 Sed
726 2611 813 2664 recte
847 2602 958 2665 obiicit
991 2601 1197 2687 Spengelius,
1229 2603 1373 2688 potuisse

325 2699 475 2782 Servium
502 2699 600 2762 alium
625 2698 731 2762 locum
757 2701 791 2761 in
817 2709 926 2764 mente
953 2699 1088 2783 habere,
1124 2723 1223 2785 quum
1250 2711 1282 2763 et
1308 2700 1373 2763 alia
1439 2698 1442 2703 ’

323 2798 498 2882 vocabula,
526 2789 561 2861 ut
582 2799 699 2861 erueres
721 2797 848 2862 Catullo
870 2798 967 2863 modo
989 2799 1181 2884 masculina,
1208 2799 1305 2863 modo
1328 2800 1372 2863 fe·

324 2899 447 2961 minine
468 2899 541 2962 sint.
555 2898 579 2981 ¹)
601 2897 665 2961 Per
687 2919 721 2961 se
742 2920 811 2960 rem
832 2899 879 2961 ita
899 2920 971 2963 esse
991 2919 1088 2984 posse
1111 2898 1270 2982 concedo,
1292 2897 1372 2960 nihil

323 3006 502 3083 praeterea.
535 2997 621 3060 Nam
643 2997 730 3083 quod
749 2996 940 3083 Spengelius
963 3006 1111 3062 constare
1130 2996 1218 3081 dicit,
1240 3005 1273 3060 et
1288 2996 1372 3059 Mar·

323 3096 433 3161 tialem
458 3096 612 3162 hocloco
635 3105 667 3163 et
688 3096 827 3172 Plinium
848 3097 939 3161 arado
965 3096 1099 3183 legisse,
1126 3096 1162 3160 id
1182 3118 1261 3161 vero
1283 3095 1371 3159 nullo

323 3206 419 3283 pacto
443 3208 578 3264 constat.
614 3197 679 3263 Res
702 3196 888 3284 simpliciter
908 3197 989 3261 haec
1011 3207 1073 3261 est:
1102 3195 1260 3261 Martialis
1281 3195 1371 3279 VIII,

325 3296 375 3359 72.
398 3298 535 3380 pumicis
556 3297 644 3359 aridi
670 3296 765 3379 dixit,
793 3296 881 3360 nulla
906 3307 1017 3361 tamen
1038 3297 1127 3361 sacta
1148 3296 1267 3362 Catulli
1287 3318 1372 3360 men-

323 3395 426 3477 tione,
449 3402 480 3457 et
500 3392 623 3457 Plinius
640 3395 714 3458 Nat.
732 3394 816 3457 Hist.
834 3394 998 3477 XXXVI,
1014 3396 1064 3458 21.
1080 3396 1132 3459 42.
1154 3396 1237 3467 haec
1253 3394 1370 3458 habet:

324 3491 389 3558 Sed
412 3493 442 3556 ti
459 3492 598 3577 pumices
625 3493 682 3578 qui
699 3505 771 3555 suut
790 3493 824 3556 lu
844 3516 904 3555 usu
925 3515 1088 3577 corporum
1108 3482 1372 3579 1666661666φηῖ6-

323 3592 430 3673 mauis,
456 3592 522 3655 lam
542 3590 665 3676 quidem
685 3605 714 3655 et
733 3593 812 3657 virts
833 3605 937 3676 utque,
964 3604 999 3654 ut
1019 3593 1066 3655 alt
1087 3590 1243 3671 Catullus,
1271 3592 1371 3671 libras,

324 3691 539 3757 laudatissimi
555 3706 627 3756 suut
646 3693 681 3757 ia
700 3691 782 3755 Melo
787 3740 797 3773 ,
818 3691 936 3777 Mopso
958 3704 986 3754 et
1006 3691 1126 3756 Aeolius
1146 3691 1268 3755 insutu.
1310 3689 1371 3753 Re-

325 3793 421 3877 spicit
441 3801 553 3879 aperte
574 3792 698 3857 Plinius
719 3790 763 3855 ad
785 3791 905 3856 Catulli
926 3813 1056 3855 carmen
1077 3792 1103 3856 Ι.
1131 3788 1185 3855 vel
1209 3789 1307 3852 etiam
1327 3788 1371 3851 ad

325 3890 441 3975 XXII,
458 3892 503 3974 8.;
525 3890 578 3956 vel
593 3891 729 3957 fortasse
748 3893 846 3957 etiam
862 3890 905 3956 ad
920 3890 1027 3955 locum
1042 3889 1131 3955 illum
1147 3889 1308 3980 amissum,
1328 3887 1372 3953 ad

410 4104 436 4170 1)
457 4107 498 4159 Dc
516 4107 649 4162 6166661.
668 4107 764 4161 catull.
782 4108 907 4171 LXVIII,
925 4109 966 4160 90.
984 4108 1025 4157 98.
1044 4105 1091 4169 01,
1107 4106 1133 4156 4.
