3392 4959
810 522 854 594 25'

312 740 401 827 quod
423 738 549 804 nollem
579 738 717 803 fecisset.
775 739 861 802 Nam
892 758 976 825 quae
1006 739 1220 804 Minutianus.
1238 738 1357 804 Catulli

312 839 415 906 verba
445 838 597 921 laudarit,
629 838 804 921 nescimus3
837 837 975 902 fortasse
1007 838 1051 902 ad
1069 859 1198 903 novum
1227 840 1356 903 omnino

313 947 537 1023 argumentum
554 936 788 1004 ,mactandum
804 938 978 1016 transierat
1008 936 1075 1020 ille,
1107 937 1151 1001 ad
1178 936 1265 1022 quod
1291 936 1367 1018 illu--

314 1036 480 1106 strandum
494 1035 612 1101 Catulli
625 1037 766 1120 passeris
780 1057 911 1100 versum
925 1035 1151 1122 adscripserat.
1178 1035 1245 1101 Sed
1260 1058 1358 1123 quum

312 1138 347 1201 in
366 1135 481 1201 oodiee
504 1144 656 1221 quattuor
672 1136 813 1221 paginae
828 1156 954 1198 vacuae
970 1145 1189 1220 sequerentur,
1211 1136 1366 1221 quaestio·

314 1234 421 1299 dirimi
451 1256 519 1297 non
548 1242 685 1318 poterat.
727 1233 826 1296 Locis
859 1242 967 1297 autem
994 1233 1110 1298 laeeris
1138 1233 1367 1308 demonstrare·

313 1333 437 1418 aliquid
456 1352 611 1417 magnam
630 1330 729 1396 habet
750 1342 783 1396 et
804 1333 987 1396 cautionem
1008 1342 1041 1396 et
1053 1332 1292 1398 difficultatem.
1320 1383 1322 1388 .

396 1432 498 1495 Hisee
530 1452 629 1516 quum
660 1433 853 1496 sententiam
884 1440 1028 1496 nostram
1060 1433 1140 1496 satis
1165 1430 1359 1496 stabilivisse
1420 1493 1424 1502 ,

314 1529 410 1610 nobis
436 1530 618 1613 videamur,
650 1540 751 1595 restat
776 1539 825 1614 ut,
859 1529 1021 1616 quomodo
1047 1554 1078 1595 v.
1108 1531 1157 1595 11.
1184 1529 1360 1617 legendum

314 1639 476 1715 putemus,
508 1627 610 1694 verbo
638 1619 792 1693 dieamus.
819 1628 873 1693 Ibi
899 1628 987 1715 quod
1012 1630 1048 1694 in
1075 1629 1170 1694 eodd
1196 1629 1361 1717 plerisque

315 1728 433 1813 legitur
461 1740 519 1810 est,
554 1749 597 1792 ex
621 1737 733 1792 nostra
758 1729 1023 1814 interpretatione
1048 1728 1135 1793 nullo
1158 1739 1257 1814 paeto
1283 1729 1363 1791 ferri

315 1836 431 1913 potest.
464 1825 605 1907 Quidam
625 1836 735 1891 tamen
755 1825 830 1891 libri
853 1826 1015 1911 (Huschk.
1036 1850 1069 1913 p.
1091 1827 1167 1912 67.),
1188 1829 1224 1891 in
1245 1826 1362 1914 quibus

316 1925 387 1989 eod.
403 1925 523 2010 Laud,
540 1926 697 2009 omittunt,
711 1927 822 2012 itaque
835 1925 911 1991 Ald
926 1926 968 2009 L,
984 1926 1139 2013 Scaliger,
1154 1927 1362 2011 Doeringius,

315 2026 466 2090 Handius
492 2048 523 2112 p.
551 2025 602 2088 41.
630 2024 767 2110 (laea),
795 2025 952 2111 Silligius3
983 2025 1059 2090 edit.
1086 2026 1167 2112 Reg.
1195 2025 1296 2089 habet
1321 2048 1362 2107 es,

315 2124 461 2189 Muretus
484 2133 516 2187 et
535 2123 677 2209 Heysius
696 2124 746 2206 id,
767 2124 903 2189 Vossius
925 2135 1052 2189 servato
1072 2138 1120 2187 est
1139 2147 1171 2188 v.
1192 2124 1222 2187 9.
1240 2146 1365 2208 possem

268 2276 272 2284 .
317 2224 454 2286 mutavit
474 2224 509 2285 in
525 2244 626 2306 posse.
668 2223 791 2302 Verum
813 2222 964 2307 equidem
985 2221 1187 2307 crediderim,
1210 2246 1309 2308 quum
1329 2224 1364 2285 in

317 2320 478 2385 nonnullis
500 2330 586 2384 certe
609 2319 706 2404 desit,
725 2320 842 2405 reliqui
863 2322 991 2385 variare
1013 2320 1185 2385 videantur
1205 2322 1363 2403 interest,

317 2442 361 2502 es,
381 2419 425 2501 id,
446 2419 528 2484 haee
544 2420 652 2484 omnia
672 2419 782 2505 inepte
802 2419 926 2483 inserta
947 2441 1018 2483 esse
1038 2441 1059 2483 a
1073 2419 1222 2502 librariis,
1245 2421 1364 2506 quippe

319 2542 387 2582 non
416 2517 683 2604 intelligentibus,
713 2539 732 2581 e
765 2520 913 2604 sequenti
932 2520 1038 2605 fussee
1067 2518 1117 2603 (v.
1147 2519 1216 2604 12.)
1250 2517 1365 2583 subau-

319 2617 473 2686 diendum
497 2639 571 2681 esse
596 2630 688 2699 esset,
716 2616 769 2680 vel
786 2618 891 2703 soret,
924 2616 1028 2704 qualis
1055 2618 1262 2683 detractionis
1287 2641 1363 2698 usus

318 2727 436 2781 natura
455 2718 504 2781 rei
525 2726 558 2782 et
577 2716 747 2783 facillimus
769 2726 819 2781 est
840 2726 873 2780 et
894 2738 991 2804 saepe
1014 2716 1137 2782 obvius.

692 2965 992 2987 m

668 3165 672 3174 '
786 3166 843 3261 vl,
869 3167 903 3242 8.

471 3312 570 3378 Sertis
591 3335 628 3376 oe
649 3311 741 3399 Syrio
752 3312 901 3400 flagrans
923 3312 1013 3376 oliuo.

322 3414 412 3479 Nihil
439 3413 580 3476 dicerem
605 3411 645 3475 de
666 3412 729 3477 hoe
750 3433 860 3496 versu,
887 3413 950 3476 nisi
970 3410 1142 3498 plerosque
1164 3420 1251 3476 certe
1272 3413 1307 3474 in
1328 3434 1367 3477 eo

323 3515 369 3578 ita
390 3534 514 3576 errasse
535 3521 695 3599 putarem,
722 3521 772 3595 ut,
797 3513 861 3576 nisi
880 3533 933 3575 res
956 3511 1061 3575 denuo
1083 3513 1118 3575 in
1138 3511 1294 3576 iudicium
1313 3533 1369 3576 ve

321 3623 425 3697 eetur,
451 3613 668 3676 inveteratum
691 3613 789 3675 istum
810 3633 952 3675 errorem
974 3633 1017 3674 ex
1038 3610 1179 3674 editione
1200 3612 1235 3673 in
1257 3608 1369 3672 editio

321 3735 397 3777 nem
424 3712 575 3775 continuo
602 3720 819 3797 propagatum
844 3712 886 3774 iri
912 3708 1085 3774 verisimile
1113 3710 1162 3772 sit.
1210 3707 1370 3793 Flagrans

308 3809 444 3876 babent
466 3810 556 3874 editt.
577 3810 647 3874 Vio.
668 3809 758 3873 Brix.
775 3808 851 3873 Ald.
866 3809 893 3872 Ι.
910 3806 1044 3871 Guarin.
1061 3805 1215 3891 Scaliger.
1245 3806 1370 3870 Brouk-

324 3908 409 3992 hus.;
444 3910 575 3994 reliqui,
607 3910 641 3972 in
672 3907 722 3971 his
750 3928 879 3993 quoque
904 3905 1003 3969 Basil.
1036 3904 1174 3992 (1530.)‚
1195 3906 1369 3993 fragrem

324 4006 528 4072 Lachmanni
547 4009 601 4072 L.:
630 4009 782 4090 emmens,
808 4008 843 4070 in
863 4006 1011 4091 margine
1021 4006 1178 4093 moes.
1221 4006 1371 4071 Leotioni

315 4107 476 4193 fragrans
492 4106 657 4173 modulum
671 4106 817 4194 syllabae
832 4105 963 4172 obstare
977 4116 1066 4172 reete
1081 4104 1234 4172 observat
1246 4099 1370 4171 Broulr'·
1454 4193 1458 4206 ‚
