3392 4959
936 515 982 586 44

434 730 532 794 etiam
554 752 653 817 quum
673 730 787 795 tralate
809 728 948 814 dicatur,
970 753 1037 795 vox
1054 741 1102 795 est
1123 753 1218 817 quam
1237 731 1348 797 dicunt
1363 730 1481 815 media,

384 859 396 880 ο
434 851 455 892 a
476 852 539 915 qua
559 853 619 915 per
640 852 674 893 so
697 830 799 893 omnis
821 830 909 894 notio
931 830 1000 894 veri
1021 829 1136 895 salsive
1158 830 1263 915 abest,
1288 854 1371 917 quae
1391 829 1483 894 addi-

433 930 474 992 tis
502 928 630 993 demum
656 928 805 1014 epithetis
826 928 970 993 infertur.
1013 929 1127 1015 Itaque
1149 953 1342 1017 quamquam
1365 931 1482 994 dicitur

436 1027 478 1090 de
505 1027 697 1111 simulatorie,
727 1050 810 1114 quae
838 1028 1069 1092 somniantibus
1098 1052 1168 1093 sese
1196 1030 1345 1113 offerunt,
1372 1041 1484 1093 tamen

433 1126 490 1189 ubi
511 1126 554 1189 ad
571 1126 794 1212 designandas
815 1127 954 1191 hominis
977 1128 1109 1193 alicuius
1130 1129 1282 1193 ridiculas
1298 1128 1352 1193 vel
1369 1128 1483 1193 stultas

433 1226 533 1288 animi
556 1228 766 1311 cogitationes
788 1229 1011 1313 appetitusque
1032 1239 1216 1313 usurpetur,
1245 1227 1394 1314 equidem
1413 1250 1483 1291 non

431 1326 564 1388 memini
584 1348 636 1388 me
657 1324 775 1411 legere.
810 1326 902 1406 Quae
923 1328 1010 1390 notio
1032 1327 1163 1412 insuper
1179 1339 1289 1392 nostro
1305 1327 1376 1393 loco
1394 1349 1483 1412 pror-

433 1446 486 1487 sus
507 1424 689 1509 langueret,
717 1447 814 1510 quum
839 1425 928 1502 idem
948 1427 1013 1489 iam
1035 1448 1224 1512 expressum
1249 1438 1333 1491 esset
1354 1426 1479 1491 verbis:

405 1572 408 1578 .
433 1545 495 1586 noa
521 1536 566 1586 est
586 1548 667 1613 suaa
683 1524 801 1609 puella.
843 1524 946 1588 Immo
970 1536 1208 1611 exspectamus,
1237 1537 1271 1591 ut
1293 1525 1413 1612 aliquid
1435 1524 1482 1588 di-

434 1633 533 1705 catur,
555 1645 617 1709 quo
633 1623 807 1708 legentium
825 1624 907 1687 risus
925 1625 1021 1688 ctiam
1036 1626 1140 1710 magis
1157 1635 1334 1690 moveatur.
1363 1625 1482 1689 Totum

433 1723 520 1785 enim
545 1722 638 1786 huius
666 1725 818 1787 carminis
845 1734 1071 1808 argumentum
1098 1727 1262 1788 satiricum
1284 1735 1332 1788 est
1352 1724 1405 1789 vel
1424 1745 1482 1809 po

431 1822 493 1885 tius
519 1822 669 1885 festivum
696 1822 796 1908 (quod
822 1845 882 1886 nos
910 1822 1045 1887 dicimus
1071 1824 1315 1905 domonstr‘seh)3
1344 1845 1480 1906 quorum

431 1921 616 2004 poemation
637 1921 708 2004 ipsa
723 1931 885 2004 postrema
901 1920 1004 1985 verba
1019 1920 1063 1983 ad
1079 1919 1284 1983 excitandum
1303 1919 1480 2005 legentium

431 2019 531 2080 risum
558 2017 783 2081 efficacissima
811 2040 882 2081 esse
909 2019 1020 2083 solent.
1075 2019 1183 2098 Quare
1212 2017 1371 2082 Catullum
1396 2019 1481 2083 haec

432 2118 599 2202 scripsisse
619 2127 712 2203 puto:
735 2141 789 2187 uec
809 2141 919 2204 rogare
941 2118 1051 2195 Qualis
1071 2120 1112 2182 sit
1132 2120 1207 2182 solet
1227 2120 1371 2181 eminente
1391 2142 1479 2182 uaso.

433 2216 514 2295 Quis
547 2218 633 2280 enim
663 2218 748 2281 inter
776 2216 962 2302 legendum
979 2219 1176 2303 exspectarit
1202 2228 1276 2304 post
1304 2219 1481 2282 amicorum

433 2316 718 2381 convocandorum
740 2327 771 2380 et
792 2316 899 2381 morbi
921 2319 1161 2382 commemorati
1176 2317 1295 2401 'gravia
1315 2317 1481 2381 molimina

432 2426 499 2480 tam
525 2416 695 2481 ridiculum
722 2416 842 2481 finem?
886 2416 991 2496 Quem
1011 2419 1047 2480 'ut
1069 2399 1234 2501 eo'magis
1256 2427 1480 2502 assequeretur

433 2525 464 2578 ct
484 2515 660 2599 legentium
681 2517 805 2580 animos
827 2526 967 2580 attentos
990 2516 1109 2580 diutius
1131 2516 1224 2601 quasi
1246 2514 1399 2603 duceret,
1419 2514 1480 2579 Ca-

432 2612 545 2678 tullum
560 2614 742 2676 verisimile
752 2624 801 2677 est
820 2614 935 2679 verba:
958 2617 1102 2678 eminente
1117 2638 1194 2678 uaso
1211 2614 1346 2678 consilio
1360 2623 1480 2699 postre-

432 2734 485 2775 ma
506 2710 690 2775 collocasse.
733 2710 848 2798 Neque
873 2712 914 2775 de
936 2734 988 2796 ea,
1016 2735 1099 2798 quae
1120 2715 1155 2776 in
1175 2714 1226 2777 his
1247 2715 1354 2778 inesse
1374 2712 1481 2777 videri

431 2812 534 2897 possit
559 2810 714 2896 languida
740 2810 901 2895 quaedam
922 2834 1033 2876 versus
1055 2814 1143 2877 tertii
1162 2814 1323 2899 repetitio,
1351 2834 1481 2877 conces

433 2911 543 2993 serim,
571 2933 668 2996 quum
694 2909 774 2973 nihil
794 2912 899 2995 magis
922 2920 1033 2997 aptum
1054 2912 1203 2975 videatur
1224 2912 1268 2976 ad
1289 2934 1393 2976 vanae
1414 2935 1480 2975 mu-

432 3007 583 3073 lierculae
606 3009 874 3074 commovendum
896 3010 1105 3095 stomachum,
1128 3033 1225 3097 quam
1240 3011 1313 3076 talis
1332 3011 1480 3094 convicii,

433 3110 552 3195 quippe
574 3132 636 3196 quo
656 3111 757 3195 ipsius
773 3109 955 3174 formositas
971 3119 1105 3196 petatur,
1127 3112 1243 3175 iterata
1259 3110 1479 3196 exprobratio.

436 3209 545 3285 Qualis
568 3209 687 3273 dIctum
708 3232 778 3273 esse
800 3209 948 3274 videmus
970 3232 1044 3295 pro:
1068 3233 1160 3294 quam
1181 3210 1339 3296 defoma
1382 3208 1480 3274 Vide-

432 3317 483 3370 tur
500 3317 607 3370 autom
623 3310 691 3392 ipsc
708 3308 832 3392 puellae
849 3331 947 3372 nasus
964 3310 1119 3394 imprimis
1136 3311 1238 3396 turpis
1255 3310 1361 3392 fuisse,
1384 3331 1480 3394 quem

433 3406 530 3469 ctiam
545 3428 576 3468 v.
593 3406 621 3468 3.
645 3417 677 3469 et
693 3428 790 3469 carru,
808 3407 940 3491 XLIII,
956 3409 984 3471 1.
1006 3410 1193 3491 insectetur3
1216 3431 1277 3495 qno
1298 3408 1370 3472 loco
1393 3407 1480 3494 quod

434 3503 581 3589 Scaliger
612 3505 740 3590 scripsit
770 3528 824 3568 nec
855 3508 964 3589 uiurio,
997 3509 1071 3592 quia
1099 3508 1242 3571 Catullus
1275 3507 1315 3571 de
1346 3508 1480 3571 immani

432 3626 512 3668 naso
534 3603 725 3689 turpiculum
746 3627 812 3668 non
835 3604 977 3669 dicturus
998 3606 1108 3691 fuerit,
1135 3607 1194 3671 scd
1215 3605 1353 3670 indicari
1374 3628 1485 3692 paene·

432 3703 554 3767 nullum
580 3727 694 3768 nasum
720 3704 871 3769 habuisse
897 3704 1050 3791 puellam,
1078 3729 1173 3793 quam
1195 3706 1332 3770 eandem
1354 3715 1478 3769 sentcn-

432 3806 511 3868 tiam
526 3805 660 3869 Vossius
681 3804 733 3869 vel
756 3828 798 3868 ex
814 3806 962 3890 genuinis
984 3806 1093 3870 verbis
1115 3830 1169 3869 uec
1189 3806 1314 3869 rruiu'mo
1336 3804 1479 3887 extorsit,

432 3906 563 3967 minime
584 3903 788 3989 probandum
810 3915 867 3969 est.
915 3905 1042 3990 Urgent
1062 3906 1108 3969 illi
1129 3905 1172 3968 ad
1193 3907 1265 3969 nasi
1285 3906 1479 3991 parvitatem

432 4004 486 4071 isti
513 4003 717 4067 efficiendam
744 4004 897 4069 adiectivi
923 4007 1075 4089 turpierdo
1098 4003 1204 4088 (XLI,
1227 4003 1272 4089 3.)
1297 4006 1478 4085 notionem3

434 4121 529 4190 quam
565 4125 642 4168 sanc
679 4124 863 4187 urgeamus,
900 4126 996 4188 quum
1031 4102 1110 4167 nihil
1143 4101 1306 4171 dexterius
1337 4103 1479 4170 inveniri
