3392 4959
829 514 871 585 47

323 730 389 795 56.:
411 730 535 815 populo
560 730 599 793 L.
626 752 701 815 pro:
722 730 858 814 papula.
901 729 944 792 M
960 729 1098 815 denique
1120 731 1153 792 in
1174 729 1239 792 fine
1260 728 1374 793 verbo

323 853 395 893 rum
423 828 525 894 additi
551 829 632 892 haec
659 828 810 914 exempla
838 840 945 893 sunto:
975 829 1102 912 LXIII,
1127 828 1189 912 79,
1216 829 1310 891 iotam
1330 828 1372 891 D.

323 929 363 992 L.
387 928 525 1012 XXXV,
550 928 615 992 12:
639 930 830 1012 impotentem
852 930 891 991 L.
912 928 955 993 D.
978 951 1111 992 amorem
1133 929 1171 991 L.
1193 927 1304 1010 XLII,
1329 928 1372 990 t:

324 1029 412 1091 illam
433 1028 475 1093 D.
491 1028 529 1091 L.
546 1027 640 1109 LXI,
658 1026 742 1090 192:
766 1028 902 1091 iuvenem
923 1028 962 1091 L.
978 1029 1095 1091 eirenem
1111 1027 1152 1090 D.
1170 1049 1243 1112 pro:
1262 1027 1373 1088 iaceret.

324 1126 455 1212 LXIII,
479 1127 544 1190 68.;
557 1128 708 1213 feroram
729 1126 770 1191 D.
794 1127 832 1191 L.
855 1148 929 1213 pro:
942 1128 1050 1213 ferar.
1077 1126 1197 1209 LXIV,
1219 1126 1305 1188 aaa:
1328 1147 1374 1186 ao-

323 1249 429 1289 roram
451 1227 490 1290 L.
512 1248 587 1312 pro:
611 1248 724 1289 sorore.

791 1674 854 1769 m,
880 1675 914 1751 o.

411 1822 550 1902 Codices
574 1820 684 1886 Ouiae.
707 1820 826 1885 Dresd.
855 1819 991 1885 habent:
1035 1820 1087 1883 At
1113 1823 1162 1884 uel
1186 1834 1213 1883 te
1239 1822 1285 1884 aio
1311 1821 1379 1906 ipse

313 1923 510 2011 stope'tobam.
539 1921 661 1986 Omnes
677 1920 848 2006 Meleagri:
873 1921 992 1984 avellite
1009 1921 1054 1983 oio
1076 1920 1142 1984 vel:
1166 1921 1276 2005 aetite,
1298 1921 1377 1985 Vos-

326 2024 380 2106 sii,
401 2023 453 2086 At
475 2023 595 2086 avellite
617 2023 692 2106 mse,
714 2020 802 2106 quod
822 2022 893 2106 ipse
915 2019 1082 2106 probavit;
1105 2019 1321 2105 Lachmanni,
1344 2030 1379 2085 ut

328 2120 453 2203 Ouiae,
491 2143 564 2183 cum
594 2120 657 2183 hac
688 2130 796 2184 tamen
830 2119 1062 2204 discrepantia:
1097 2120 1128 2182 A
1159 2119 1199 2182 L.
1231 2121 1307 2183 oelte
1338 2120 1378 2182 L.

236 2231 240 2238 ’
327 2219 427 2281 cellite
446 2218 489 2282 D.
531 2218 676 2282 Muretus
703 2218 796 2303 legit:
828 2217 900 2280 Hae
926 2230 954 2279 te
979 2219 1026 2280 cio
1051 2230 1182 2300 tontum,
1210 2218 1257 2281 sle
1280 2217 1379 2302 expli-

328 2340 420 2381 cans:
443 2316 551 2402 „nulla
568 2317 713 2402 longiore
731 2327 823 2380 utens
844 2316 996 2398 oratione,
1014 2316 1165 2400 quoniam
1181 2314 1333 2379 videlicet
1348 2326 1380 2380 te

327 2416 440 2482 videre
461 2415 709 2503 properabam.“
736 2413 823 2478 Edd.
844 2414 926 2499 Reg.
949 2414 1021 2478 Vic.
1043 2414 1149 2477 Brix.:
1172 2413 1305 2477 Avellite
1326 2415 1380 2495 sio,

328 2514 502 2599 Aventius,
535 2514 609 2579 Ald.
639 2516 682 2597 1.,
711 2513 761 2578 ed.
788 2513 887 2577 Basil.
916 2513 1022 2576 1530:
1058 2512 1164 2576 noelli
1189 2514 1279 2577 mite'te
1305 2514 1380 2597 epse,

330 2612 479 2689 Guarin:
513 2614 571 2678 laos
604 2627 631 2677 te
662 2614 708 2677 ee'e
734 2627 848 2696 tomen,
881 2612 1028 2698 Scaliger
1055 2613 1205 2678 coniecit:
1238 2612 1309 2677 Hos
1334 2614 1385 2677 cel

330 2725 357 2775 te
384 2714 443 2797 eie,
471 2722 638 2799 receptum
660 2712 795 2801 Silligio.
839 2712 1084 2796 Lachmannus,
1106 2712 1236 2796 Rossb.,
1259 2714 1381 2798 Haupt.

330 2811 485 2876 exhibent
506 2810 680 2876 lectionem
703 2811 824 2876 codicis
847 2812 973 2896 (luiac.;
1007 2813 1163 2898 Heysius:
1196 2811 1327 2892 Aulam,
1355 2824 1383 2873 te

329 2911 384 2974 m'c.
439 2911 564 2976 Harum
596 2912 770 2976 lectionum
803 2913 882 2997 quin
913 2910 1001 2975 nulla
1032 2910 1203 2996 probanda
1235 2912 1289 2993 sit,
1324 2911 1383 2974 vix

330 3010 459 3075 videtur
493 3010 626 3103 dubium
659 3033 730 3075 esse
763 3033 869 3096 posse.
926 3010 1012 3074 Nam
1043 3011 1181 3094 primum
1214 3008 1292 3094 quid
1320 3008 1383 3072 sibi

329 3109 398 3173 uult
425 3109 505 3173 illud
532 3111 594 3172 ab?
622 3132 719 3195 porro
741 3107 821 3172 illud
843 3112 885 3172 vel
907 3108 957 3171 te?
984 3129 1027 3170 an
1049 3107 1147 3169 alium
1168 3109 1266 3170 etiam
1288 3129 1384 3192 quae-

329 3206 424 3271 rebat
449 3216 547 3292 poeta
573 3217 704 3291 praeter
732 3205 941 3269 Camerium?
989 3205 1054 3284 Qui
1082 3227 1159 3269 vero
1187 3206 1384 3291 seripserunt

331 3304 493 3382 avellendi
512 3304 657 3387 verbum,
681 3327 791 3369 secum
804 3327 871 3368 non
885 3313 1082 3391 reputarunt,
1103 3303 1138 3367 id
1152 3326 1257 3390 neque
1273 3303 1314 3368 dc
1329 3303 1384 3368 ab·

331 3416 423 3469 sente
439 3404 588 3469 Camerio
604 3426 665 3468 nec
681 3404 827 3468 absolute
843 3403 874 3468 h.
887 3403 907 3468 l.
924 3414 1000 3490 apte
1017 3403 1082 3468 diei
1095 3426 1200 3490 posse.
1225 3404 1264 3468 V.
1275 3414 1384 3468 autem

335 3506 399 3588 10,
422 3513 457 3568 ut
477 3503 569 3569 multi
589 3503 798 3587 adnotarunt,
820 3526 880 3591 per
902 3504 1028 3591 ellipsin
1050 3503 1154 3568 dictus
1177 3513 1225 3567 est
1247 3513 1279 3567 et
1300 3505 1385 3589 eogi-

331 3605 453 3669 tatione
476 3603 751 3668 subaudiendum:
774 3603 912 3687 reddite,
935 3604 988 3667 vel
1009 3603 1160 3667 indicate.
1191 3602 1288 3667 Unde
1305 3604 1385 3667 sciat

333 3704 485 3790 Heysius,
508 3702 658 3767 Camerio
680 3725 878 3788 praenomen
900 3702 999 3766 fuisse
1017 3701 1144 3784 Aulum,
1167 3700 1317 3786 equidem
1332 3723 1385 3764 ne-

333 3806 414 3886 seio,
449 3803 512 3867 hoo
543 3802 663 3866 sentire
693 3802 771 3866 mihi
799 3801 926 3882 videor,
955 3799 1090 3864 duorum
1116 3800 1281 3863 nominum
1308 3798 1386 3863 sole-

334 3904 501 3967 mnitatem
523 3914 554 3968 et
575 3903 788 3988 interruptam
810 3900 1007 3985 interpositis
1030 3899 1140 3962 verbis
1160 3900 1337 3962 orationem
1353 3898 1385 3963 h.

334 3997 355 4062 l.
372 3998 494 4084 aliquid
514 4002 617 4086 putidi
639 4000 770 4064 habere.
798 3999 945 4082 Accedit,
968 3998 1054 4084 quod
1075 4000 1109 4062 in
1125 3999 1286 4086 plerisque
1300 3998 1386 4062 lecti-

337 4096 453 4162 onibus
480 4120 592 4166 versus
619 4101 775 4187 abruptus
802 4098 934 4186 legitur,
965 4098 1053 4163 nullo
1080 4122 1153 4164 cum
1180 4097 1386 4163 antecedenti
