3392 4959
865 512 907 584 52

447 713 581 778 Vossius
609 711 650 775 de
675 713 782 799 priore
802 734 901 777 versu
923 710 1121 798 desperavit,
1149 711 1183 773 in
1205 732 1299 796 quem
1321 732 1339 775 e
1361 732 1409 775 se

365 813 474 898 quenti
494 835 591 878 versu
611 809 846 875 hemistichium
866 812 1068 896 immigrasse
1084 818 1184 895 putat,
1206 808 1349 894 alterum,
1371 819 1409 878 ut

365 911 525 997 Scaliger,
553 908 694 974 exhibet.
743 909 788 974 Ut
815 908 974 995 Scaliger,
1003 907 1145 993 Silligius
1171 930 1313 994 quoque,
1344 908 1410 974 nisi

364 1010 451 1096 quod
476 1012 511 1074 in
537 1021 672 1095 utroque
698 1030 794 1073 versu
820 1008 900 1072 duno
924 1006 1024 1072 hahet
1044 1027 1118 1093 pro:
1140 1007 1223 1091 dinc,
1250 1016 1283 1071 et
1303 1007 1409 1072 Lach-

363 1132 513 1194 mannus,
541 1107 590 1172 his
617 1118 725 1172 tamen
752 1108 910 1193 exceptisx
937 1107 1017 1170 dane
1030 1108 1133 1194 furor
1154 1154 1218 1191 ...,
1244 1106 1329 1170 Face
1353 1108 1408 1191 ati,

363 1209 397 1273 in
418 1209 501 1272 notis
522 1207 671 1272 lacunam
692 1207 738 1270 sic
756 1205 951 1293 explendam
966 1216 1068 1272 ratus:
1081 1206 1183 1294 furor
1198 1207 1299 1293 apz‘td,
1320 1205 1409 1291 quod

362 1308 396 1371 in
424 1308 538 1371 ceteris
566 1328 690 1393 quoque
715 1305 960 1369 Lachmannum
986 1306 1085 1369 secuti
1110 1314 1300 1392 receperunt
1320 1306 1408 1370 Hau·

362 1407 446 1492 ptius
474 1415 505 1470 et
530 1403 660 1488 Rossb„
687 1426 707 1467 a
733 1402 847 1492 quibus
874 1404 1017 1489 Heysius
1044 1426 1082 1468 eo
1108 1414 1234 1470 tantum
1260 1403 1408 1489 discedit,

363 1504 450 1590 quod
470 1528 502 1569 v.
519 1504 568 1568 79.
590 1504 673 1567 Face
693 1516 727 1568 tu
747 1503 884 1588 scripsit.
914 1502 1107 1588 Spengelius
1124 1502 1263 1589 denique
1278 1526 1308 1590 p.
1326 1504 1407 1587 126,

363 1626 462 1690 quum
482 1604 516 1666 in
539 1601 632 1666 codd.
657 1601 693 1667 O.
715 1603 757 1666 D.
781 1600 821 1668 G.
845 1611 877 1666 et
899 1601 950 1667 ed.
971 1602 1073 1688 princ.
1101 1603 1192 1667 insit:
1221 1603 1321 1689 cirqait
1340 1625 1407 1691 ape,

362 1726 426 1790 ape,
449 1703 629 1788 suspicatur
649 1700 823 1787 legendum
839 1722 926 1766 esse:
946 1723 1002 1787 ape
1023 1723 1079 1792 ape
1098 1702 1206 1787 inquit,
1227 1724 1283 1790 ape
1298 1702 1406 1794 seros.

445 1801 516 1865 Iam
532 1809 567 1864 ut
583 1823 625 1864 ex
640 1800 702 1864 hac
718 1800 892 1886 farragine,
915 1800 992 1886 quid
1007 1823 1121 1866 verum
1137 1800 1294 1884 videatur,
1317 1821 1407 1865 erua-

362 1922 446 1983 mus,
473 1909 573 1982 reete,
601 1898 689 1984 quod
711 1897 858 1983 Scaliger
878 1899 1014 1963 restituit
1037 1899 1063 1983 i,
1092 1898 1250 1963 editorum
1270 1920 1406 1964 assensu
1443 1962 1446 1966 .

362 1996 605 2083 comprobatum
621 2007 677 2061 est.
711 1998 794 2061 Tum
813 1997 900 2084 quod
915 1998 1060 2062 nonnulli
1076 1996 1229 2061 exhibent
1235 1998 1407 2084 ferendas

361 2120 420 2183 pro
441 2098 543 2184 furor
573 2094 714 2161 dubitari
744 2118 810 2160 non
835 2106 943 2183 potest
968 2098 1046 2182 quin
1072 2096 1316 2184 ecorrectione
1341 2118 1407 2159 me·

362 2197 443 2261 trica
464 2195 642 2282 profectum
660 2196 710 2278 sit3
733 2217 838 2281 neque
861 2197 946 2260 enim
967 2196 1111 2281 intelligo
1131 2194 1306 2260 verborum
1326 2205 1406 2260 stru-

363 2305 499 2380 cturam,
522 2316 618 2381 quam
640 2296 693 2380 qui
714 2296 760 2358 ita
781 2294 958 2380 explicant,
980 2305 1015 2359 ut
1035 2295 1115 2358 duno
1136 2291 1265 2358 Graeca
1285 2289 1340 2357 illa
1360 2305 1406 2359 at-

361 2395 533 2477 tractione,
556 2416 619 2480 qua
640 2415 667 2457 e.
683 2417 715 2479 g.
739 2393 879 2458 dicatur:
902 2391 999 2469 οὗτός
1019 2395 1106 2459 ἐστιν
1127 2394 1167 2459 ὃν
1188 2394 1274 2469 εἶδες
1294 2394 1405 2477 ἄνδρα

361 2516 436 2579 pro:
460 2492 555 2570 οὗτός
577 2496 663 2559 ἐστιν
679 2493 697 2560 ὁ
715 2492 799 2579 ἀνὴρ
817 2494 857 2560 ὃν
873 2494 973 2571 εἶδες,
997 2492 1116 2561 dictum
1134 2513 1204 2556 esse
1222 2493 1405 2556 existiman-

362 2590 438 2665 dum
455 2593 503 2675 sit,
526 2613 598 2655 mea
613 2613 695 2676 paee
711 2591 851 2657 valeant.
886 2590 1073 2657 Cuiusmodi
1090 2592 1274 2677 opinionem
1290 2592 1405 2656 utiam

360 2690 527 2775 aliquoties
548 2689 704 2755 refutasse
726 2691 819 2755 nobis
841 2690 998 2771 videmur,
1019 2691 1065 2753 ita
1086 2691 1154 2755 eius
1175 2689 1331 2776 gloriolae
1353 2712 1405 2756 ca·

360 2773 522 2877 pianda&
528 2786 561 2851 h.
586 2787 607 2853 l.
639 2809 726 2853 nova
756 2788 885 2856 videtur
912 2788 1020 2855 oblata
1046 2811 1117 2853 esse
1144 2786 1282 2854 occasio.
1329 2790 1405 2853 Hoc
1462 2867 1464 2871 ι

361 2898 466 2952 autem
486 2886 558 2952 loco
580 2888 725 2973 quaestio
744 2886 798 2953 vel
813 2887 987 2952 verborum
1003 2887 1213 2954 collocatione
1230 2887 1403 2971 dirimitur3

361 2985 533 3050 dicendum
555 2987 641 3050 enim
661 2986 734 3051 fuit:
753 2988 816 3075 fae
836 2986 916 3053 dane
935 2999 982 3072 at,
1003 2985 1069 3051 vel:
1091 2986 1171 3051 dunc
1180 2988 1245 3077 sec
1263 2999 1309 3075 at,
1336 3008 1404 3052 non

359 3095 480 3149 autem:
503 3086 568 3175 sac
592 3099 627 3151 at
651 3087 743 3170 Ιιιιηος
777 3086 817 3151 cf.
845 3086 948 3153 Plaut.
974 3086 1074 3151 Poen.
1100 3086 1149 3171 H,
1176 3085 1206 3152 5.
1232 3085 1316 3151 inite
1348 3108 1405 3150 acc

355 3186 448 3271 potui
471 3198 571 3249 tamea
594 3187 765 3273 propdiam
792 3185 934 3250 Venerem
945 3186 1058 3274 facere
1077 3198 1112 3250 at
1131 3198 1209 3249 esset
1228 3185 1309 3250 mati
1329 3185 1350 3249 i.
1373 3206 1402 3250 e.

359 3292 393 3347 ut
411 3293 494 3347 esset
509 3284 620 3348 Venus
636 3320 687 3349 -.
716 3285 820 3349 Varro
836 3284 875 3349 R.
892 3284 930 3350 R.
946 3285 993 3370 H,
1009 3285 1043 3368 9,
1059 3284 1124 3350 ln:
1146 3283 1297 3369 Reliquas
1312 3307 1403 3348 cauea

349 3381 485 3469 feritat
498 3382 569 3445 arat.
605 3382 734 3447 Terent.
756 3384 837 3446 Hoc.
859 3383 987 3469 Prolog.
1009 3384 1057 3459 Π,
1078 3383 1124 3448 az
1149 3383 1257 3449 Novas
1277 3385 1336 3470 qai
1352 3406 1403 3446 en·

360 3492 446 3541 actus
456 3480 532 3568 feci
548 3493 582 3542 at
602 3481 910 3565 raveteraaccrcat,·i.
933 3504 960 3545 e.
983 3484 1038 3569 qui
1058 3482 1134 3566 feci,
1155 3491 1192 3547 ut
1211 3504 1318 3547 novae
1340 3491 1403 3547 cet.

359 3576 560 3641 Lachmanni
592 3587 699 3643 autem
732 3581 929 3644 coniectura:
952 3582 1054 3670 furor
1084 3583 1178 3670 spolet
1208 3602 1402 3669 quamquam

359 3699 488 3742 sensum
519 3677 624 3742 fundit
653 3678 729 3743 huic
759 3678 830 3743 loco
860 3680 1072 3765 aptissimum,
1104 3690 1213 3748 tamen
1240 3678 1401 3773 quomodo
1513 3716 1516 3721 -

359 3787 430 3841 orta
462 3778 503 3840 sit
534 3778 727 3863 corruptela,
759 3800 825 3843 non
856 3776 959 3864 probe
984 3781 1189 3867 perspicitur,
1220 3790 1287 3847 tum
1312 3777 1402 3863 quod

358 3876 500 3939 eiusdem
523 3876 642 3940 radicis
663 3876 779 3943 verba:
802 3877 932 3964 opedam
953 3887 985 3941 et
1006 3901 1061 3967 ape
1079 3878 1292 3966 praecedunt,
1312 3875 1402 3941 vide-

357 3984 408 4040 tur
429 3974 551 4061 aliquid
572 3976 734 4045 invenusti
755 3976 886 4046 habere.
931 3976 1006 4067 Curv
1019 3976 1156 4062 denique
1179 3977 1327 4045 codicum
1336 3978 1403 4067 suc

359 4072 394 4135 in
409 4075 489 4157 face
514 4074 701 4146 mutandum
727 4076 909 4141 censuerint
931 4075 1083 4159 editores,
1110 4097 1163 4146 me
1183 4077 1274 4161 latet,
1303 4099 1401 4169 quum
