3392 4959
831 533 871 606 lo

775 799 808 896 r,
833 800 872 897 s,
897 802 932 879 o.

324 999 327 1003 .
416 947 518 1026 Quaere
538 946 615 1012 1666
635 947 866 1033 6619669616
882 950 939 1013 loc
957 948 1122 1029 1666111661,
1145 948 1376 1035 0666666966

325 1046 427 1134 ⁴qaod,
454 1058 626 1131 69616666
645 1046 741 1134 uirgo.
785 1046 840 1113 Sic
867 1049 1051 1136 scripserim
1076 1047 1136 1112 hos
1162 1069 1274 1112 versus
1301 1071 1377 1112 cum

335 1145 473 1231 Silligio,
506 1147 562 1233 qui
589 1144 724 1211 Censur.
751 1169 783 1233 p.
811 1146 884 1213 266.
917 1148 1048 1234 egregie
1076 1158 1188 1212 contra
1213 1147 1377 1212 Huschlrii

324 1244 472 1331 ,impetus
498 1267 530 1331 p.
553 1244 603 1310 60.
626 1266 697 1332 sqq.
725 1267 781 1311 eos
807 1245 961 1311 defendit.
1006 1246 1159 1331 Codices,
1185 1256 1221 1312 ut
1241 1246 1310 1311 fere
1330 1247 1376 1331 fit,

323 1343 413 1413 smne
434 1344 572 1408 variant.
614 1343 769 1413 Hmdtus
786 1346 912 1410 invenit
932 1347 966 1410 in
988 1368 1047 1411 sex
1067 1345 1158 1411 libris
1180 1345 1303 1431 quidem
1320 1370 1379 1432 pc

333 1444 584 1530 6666669616
601 1443 757 1508 sedecim:
781 1444 866 1530 quod
875 1458 1012 1531 patruae
1026 1446 1122 1531 61696,
1143 1446 1178 1508 iu
1194 1467 1259 1510 uno
1276 1455 1309 1509 et
1326 1444 1379 1509 de

332 1563 417 1607 cem:
440 1540 560 1627 quode
578 1555 715 1628 patrono
734 1543 830 1631 oirpo,
852 1566 950 1609 versu
970 1543 1177 1609 antecedenti
1193 1546 1228 1608 in
1244 1565 1377 1608 novem:

321 1640 488 1727 quidquid
516 1654 562 1707 est
592 1642 702 1723 1666111,
734 1641 895 1708 Vaticano
924 1643 975 1710 ,116
1002 1643 1073 1708 329.
1102 1642 1258 1728 quidquid
1282 1642 1384 1708 lateus·

317 1751 385 1822 leet,
402 1741 436 1805 in
452 1739 617 1805 undecim:
641 1740 796 1828 quidquid
808 1742 865 1807 166
880 1743 980 1807 lateus·
991 1756 1045 1824 est,
1061 1744 1095 1807 in
1111 1741 1267 1806 sedecim:
1291 1740 1380 1828 quid·

323 1839 412 1926 ¹qaid
430 1840 486 1904 hoc
506 1840 611 1921 666111,
634 1843 750 1906 omisso
771 1854 826 1905 est.
852 1841 1012 1906 Muretus:
1038 1841 1140 1918 Quare
1160 1840 1383 1905 11αό6166666·

332 1937 545 2023 9616966166
565 1939 670 2003 libelli.
695 1939 909 2025 Qualccaaqac
930 1938 1052 2026 966166
1064 1966 1085 2020 t,
1107 1938 1243 2002 alteram
1264 1960 1378 2003 versus

321 2046 461 2123 partem
476 2035 655 2102 desiderari
671 2036 796 2121 dicens3
819 2060 916 2124 quam
933 2038 1083 2104 lacunam
1099 2039 1196 2103 etiam
1211 2038 1378 2104 Fruterius

332 2136 367 2200 in
381 2134 465 2201 libro
482 2157 540 2203 suo
556 2136 739 2221 invenerat,
761 2137 871 2202 verbis
884 2150 1021 2223 patrona
1035 2139 1122 2225 virgo
1138 2136 1182 2221 ad
1198 2138 1378 2223 marginem

333 2233 515 2322 adscriptis.
560 2234 615 2301 Sic
641 2236 738 2300 etiam
760 2234 859 2301 editio
880 2238 1046 2324 princeps,
1075 2236 1134 2302 scd
1155 2238 1224 2302 sine
1245 2236 1377 2301 lacuna:

334 2334 458 2421 quidem
474 2348 611 2421 patrono
630 2336 726 2423 6696.
770 2334 967 2402 Ouiacianus
988 2337 1008 2401 i.
1032 2360 1060 2402 e.
1083 2336 1243 2423 Scaligeri
1264 2335 1397 2419 codex,·

333 2444 370 2499 ut
392 2434 548 2520 Silligius‚
570 2435 633 2499 nisi
655 2434 743 2521 quod
763 2458 822 2522 pro
842 2450 979 2521 patrono
1001 2434 1100 2500 habet
1116 2450 1269 2521 966666,
1291 2433 1379 2499 unde

334 2533 482 2618 Scaliger
508 2535 635 2597 effinxit
657 2536 810 2617 patrimo,
837 2556 1032 2621 quamquam
1054 2534 1134 2598 illud
1155 2534 1217 2598 hoc
1235 2556 1304 2598 non
1326 2532 1379 2598 de

333 2632 433 2696 terius
459 2652 531 2696 esse
557 2631 686 2696 fatetur.
728 2630 840 2715 Fals03
867 2633 1007 2718 primum
1032 2632 1119 2695 enim
1144 2632 1243 2697 multo
1265 2633 1379 2697 melius

322 2730 486 2796 convenit
512 2730 693 2812 Minervae,
726 2751 746 2793 a
777 2751 841 2815 qua
867 2728 968 2794 libelli
994 2731 1044 2794 sui
1069 2729 1203 2794 tutelam
1227 2732 1378 2818 implorat

333 2838 444 2915 poeta,
475 2838 511 2892 ut
543 2827 669 2893 dicatur
694 2829 860 2913 patrona,'
879 2851 976 2914 quam
999 2830 1152 2916 patrima,
1185 2831 1274 2916 quod
1298 2831 1329 2894 h.
1356 2831 1377 2895 l.

333 2950 457 2993 merum
488 2926 654 3013 epitheton
686 2948 804 2992 ornans
836 2937 930 2992 esset.
981 2928 1079 3011 Tum,
1112 2927 1200 3013 quod
1232 2928 1379 3013 Scaliger

333 3026 514 3111 contendit,
535 3027 661 3093 Latinis
681 3028 820 3113 patrima
841 3036 986 3110 nonest,
1009 3047 1093 3113 quae
1112 3036 1237 3090 tantum
1252 3037 1378 3111 patrem

324 3125 447 3212 habet,
470 3125 528 3191 sed
549 3128 640 3190 cuius
661 3136 755 3212 pater
775 3125 884 3191 adhuc
904 3128 938 3191 in
953 3127 1038 3191 vivis
1055 3137 1117 3210 est,
1138 3124 1283 3189 nondum
1297 3147 1379 3190 mor-

331 3236 406 3292 tuus
434 3235 491 3291 est.
541 3225 750 3311 Εὕπατέρεια
772 3235 894 3310 autem,
921 3225 965 3291 ad
987 3224 1075 3312 quod
1094 3235 1264 3311 provocat,
1291 3225 1379 3289 idem

334 3334 382 3388 est
404 3322 492 3408 quod
508 3324 717 3389 Homericum
739 3325 967 3410 ὅβριμοπάτρη
989 3335 1021 3389 et
1038 3324 1081 3387 ad
1097 3325 1184 3389 lovis
1201 3325 1379 3410 potentiam

324 3421 479 3490 refertur.
524 3420 645 3485 Omnes
668 3422 806 3487 Statiani
833 3446 907 3488 cum
928 3424 1004 3486 edit.
1027 3423 1122 3507 Reg.:
1165 3423 1381 3509 Qualocaaqoe
1467 3454 1470 3458 ⁴

335 3520 419 3606 quod
439 3534 577 3605 patrona
602 3522 698 3607 61696.
742 3520 875 3585 Isaacus
896 3521 1031 3585 Vossius
1059 3520 1189 3585 elibris
1211 3524 1276 3586 suis
1304 3524 1380 3587 scri-

330 3622 408 3708 psit:
440 3620 544 3699 Qaaro
564 3620 640 3684 1666
661 3621 721 3685 tibi
738 3620 889 3707 quicquid
907 3620 963 3683 loc
983 3621 1083 3685 labelli
1101 3633 1129 3685 et
1147 3621 1380 3707 Quolecanqoc:

333 3720 429 3806 96οᾶ,
450 3743 468 3785 o
486 3713 602 3806 patroc
620 3721 727 3808 Virgo,
750 3719 791 3784 de
813 3720 915 3785 Vesta
936 3720 1018 3784 haec
1038 3721 1268 3806 interpretans,
1291 3720 1380 3806 quod
1471 3753 1474 3760 ·

333 3820 459 3887 facilius
485 3821 532 3886 illi
554 3819 751 3905 condonem,
779 3842 875 3905 quam
896 3822 970 3906 puri
991 3821 1146 3884 sermonis
1168 3820 1380 3885 Latinitatem

335 3919 587 3986 commaculasse
602 3942 675 3985 eum
689 3941 772 3986 voce
786 3920 848 3983 ista
865 3917 993 3983 Graeca
1009 3918 1064 4002 (cs.
1076 3918 1282 3983 Huschkium
1296 3919 1316 3983 l.
1331 3918 1379 4004 1.),

334 4041 397 4104 quo
433 4019 548 4084 eodem
583 4018 696 4084 morbo
731 4018 935 4083 laborantem
969 4018 1054 4081 infra
1089 4017 1379 4105 deprehendemus,

334 4139 432 4181 canu.
460 4118 554 4203 XLI,
582 4118 611 4183 8.
654 4117 739 4183 Hlud
761 4132 878 4203 patroc
903 4119 968 4181 iam
995 4115 1154 4183 dederant
1174 4119 1378 4202 Parthenius,
