3392 4959
751 521 790 594 st

394 739 458 803 Hic
474 739 631 803 Ἰιοιιιιιιιιιιι
652 751 775 803 coactos
795 740 913 826 ingenti
931 758 1058 823 corpore
1075 748 1244 822 praestans

391 838 606 923 'Iapetionides
626 838 720 901 Atlas
731 839 817 924 fuit,

243 962 345 1004 unum
366 938 483 1001 afferre
506 935 688 1021 exemplum
708 938 823 1022 potuit,
849 936 885 1000 id
906 935 1084 1001 videndum
1104 944 1215 998 estne
1238 933 1297 997 dif-

243 1038 337 1103 ferat.
373 1038 496 1122 Neque,
520 1045 554 1098 ut
576 1036 676 1098 animi
698 1038 889 1100 sententiam
911 1035 1083 1121 proferam,
1104 1034 1210 1116 vidae,
1233 1054 1297 1119 qua

243 1158 280 1200 re
301 1135 479 1199 eorundem
497 1133 729 1198 vocabulorum
743 1136 902 1221 repetitio,
924 1132 1052 1220 qualem
1065 1131 1142 1216 vult,
1164 1133 1296 1217 egregie

244 1233 498 1299 commendetur.
533 1232 605 1311 Quo
627 1234 739 1296 vitium
762 1235 988 1315 contineretur,
1011 1232 1110 1296 sensit
1130 1231 1296 1316 Brueggc-

244 1355 381 1397 mannus
407 1355 439 1417 p.
461 1332 527 1415 40,
554 1333 691 1396 innuens
718 1332 753 1394 in
778 1332 880 1396 verbo
907 1332 1013 1394 ιιιαίιιὶν
1038 1331 1174 1394 fortasse
1196 1329 1297 1393 latere

245 1431 481 1496 substantivum
508 1428 651 1515 aliquod,
684 1430 770 1493 unde
797 1432 960 1515 genitivus
987 1429 1116 1493 ιίιανιαιι
1141 1428 1293 1514 pendeat.

243 1529 348 1616 quue
371 1551 441 1593 esse
463 1538 540 1613 puto
563 1529 692 1612 templis,
715 1538 750 1592 ut
772 1527 978 1592 scribendum
1000 1529 1054 1591 sit:

429 1650 521 1711 qoam
542 1628 664 1712 templis
684 1628 743 1690 alla
764 1627 894 1691 dearum
914 1664 956 1673 —
973 1625 1117 1711 pellicatu
1137 1637 1191 1689 est.

244 1725 425 1792 Pollicendi
440 1725 585 1806 verbum,
600 1724 687 1811 quod
702 1727 833 1790 notione
851 1724 1076 1811 accipiendum
1093 1745 1163 1787 esse
1177 1722 1296 1787 Graeci

246 1824 448 1891 ἀνατιθέναι
470 1826 539 1888 sive
561 1828 694 1889 τιθέναι
716 1826 847 1909 egregie
871 1824 1052 1909 suspicatus
1070 1832 1117 1887 est
1131 1821 1296 1907 Bruegge

244 1946 383 1988 mannus
404 1922 424 1987 l.
439 1922 474 2006 l.,
497 1923 663 2008 aptissime
686 1924 893 2008 coniungitur
914 1944 987 1985 cum
1007 1942 1089 1984 voce
1111 1921 1239 2005 templis,
1261 1922 1297 1984 in

246 2021 362 2109 quibus
391 2043 425 2086 se
450 2024 628 2107 posituram
649 2044 720 2086 esse
743 2023 866 2086 crinem
888 2020 1040 2084 devotum
1061 2021 1211 2104 reginam
1230 2019 1295 2106 pol-

245 2120 367 2185 licitam
388 2142 460 2185 esse
483 2131 514 2184 et
534 2143 593 2205 per
614 2142 649 2184 se
669 2130 759 2205 patet
781 2131 813 2185 et
835 2120 1042 2183 confirmatur
1062 2119 1189 2203 Hygini
1204 2118 1295 2182 Poet

246 2218 377 2284 Astrun.
398 2218 447 2302 H,
470 2239 540 2303 cap.
558 2219 608 2281 24.
632 2217 866 2283 Callimchum
886 2216 1047 2281 laudantis
1070 2216 1190 2279 diserto
1210 2217 1297 2279 testi-

245 2319 370 2401 monio,
393 2338 477 2404 quac
498 2340 551 2381 res
574 2338 594 2380 a
612 2316 738 2396 Catullo
745 2368 753 2400 ,
775 2326 811 2380 ut
831 2338 891 2401 per
913 2338 947 2379 se
968 2315 1081 2401 plana,
1103 2324 1176 2401 post
1196 2338 1228 2379 v.
1244 2315 1295 2379 36.

247 2418 367 2481 omissa
387 2427 443 2480 est.
478 2415 636 2479 Codicum
652 2415 791 2501 denique
806 2414 936 2479 dearum
950 2437 1006 2477 cur
1019 2421 1185 2497 mutemus,
1209 2434 1298 2476 caus-

247 2537 317 2580 sam
336 2537 403 2579 non
424 2514 536 2597 vidae,
559 2516 656 2578 immo
677 2516 782 2599 magis
804 2516 900 2579 etiam
923 2521 1184 2595 consentaneum,
1201 2511 1297 2575 Bere·
1343 2524 1345 2526 ’

246 2615 344 2679 nicen
366 2614 453 2696 deas,
474 2614 694 2699 imprimisque
715 2614 885 2696 Venerem,
907 2610 1104 2697 implorasse,
1127 2632 1223 2696 quam
1244 2632 1298 2674 ne

248 2714 316 2778 scio
337 2734 416 2797 quos
435 2711 526 2793 deos3
550 2721 617 2776 tum
632 2711 714 2776 diva
728 2736 759 2776 v.
775 2713 825 2776 33.
841 2712 877 2776 id
892 2732 963 2775 esse
977 2719 1056 2796 puto
1070 2708 1157 2795 quod
1172 2709 1296 2792 ἅιαόαι,

247 2810 419 2875 formatum
440 2831 461 2873 a
482 2810 569 2894 diva,
591 2811 626 2874 in
648 2832 711 2897 quo
733 2809 943 2896 intelligendo
965 2831 1008 2872 ne
1030 2810 1100 2893 quis
1118 2817 1253 2892 erraret,
1275 2828 1297 2871 a

249 2909 375 2975 Catullo
396 2932 428 2974 v.
451 2909 480 2973 9.
502 2911 669 2995 provisum
691 2918 770 2974 erat.

650 3171 795 3268 lutus,
823 3172 898 3250 aa

400 3302 500 3389 Saepe
521 3305 614 3368 αιἀιιι
633 3301 726 3386 Iano,
747 3304 886 3368 marimo
907 3301 1099 3382 coelicolam,

401 3400 548 3490 Coniugis
568 3405 603 3467 ιἰι
624 3403 717 3488 calpa
726 3404 918 3489 flagrantem
938 3400 1130 3486 quotidiana.

250 3499 306 3565 sic
316 3498 375 3563 hos
389 3523 503 3565 versus
519 3501 674 3566 exhibent
685 3502 823 3585 codices,
836 3511 991 3588 quantum
1002 3502 1078 3584 scio,
1090 3500 1159 3564 fere
1171 3521 1297 3583 omnes,

250 3619 362 3662 omnes
384 3599 506 3684 Vossii,
532 3600 666 3683 Dresd.,
685 3596 901 3682 Lachmanni,
923 3599 1071 3663 nonnulli
1092 3599 1199 3681 Statii,
1222 3598 1296 3662 edd.

248 3696 330 3782 Reg.
346 3698 490 3781 Venett.;
513 3698 568 3761 alii
591 3698 684 3762 Statii
693 3700 906 3784 fragrantem,
928 3695 1030 3759 Palat.
1042 3696 1210 3781 flagrante,
1231 3697 1298 3760 Da·

248 3797 356 3861 tianus
389 3819 409 3859 a
438 3818 523 3859 man.
552 3818 616 3859 sec.
632 3797 819 3882 flagrantes,
840 3795 996 3880 flagravit
1020 3793 1095 3857 Ald.
1123 3794 1165 3877 I.,
1188 3794 1297 3879 Basil,

248 3894 380 3977 Muret,
404 3893 563 3979 Scaliger3
588 3894 659 3958 cod.
676 3894 822 3977 Corvin,
845 3902 1000 3979 excerpta
1015 3891 1150 3975 Coluthi,
1166 3893 1298 3979 Perreii,

251 3992 326 4057 edd.
348 3993 419 4056 Vic.
440 3993 548 4058 Brix.:
565 3993 737 4080 flagrabat.
782 3991 983 4057 Sohraderus
1011 3993 1150 4056 coniecit
1171 4014 1202 4057 v.
1227 3993 1297 4059 138.

248 4092 322 4176 ι’ρια
342 4113 416 4177 pro:
439 4115 544 4178 saepe,
565 4094 632 4158 vel:
655 4093 760 4156 Passa
780 4093 874 4156 etiam
894 4127 937 4140 -
958 4091 1082 4157 Conium
1102 4128 1145 4139 —
1154 4091 1299 4181 flagran-
