3392 4959
310 761 390 806 vero
413 743 602 822 auctoritate
623 743 714 807 Festi
734 765 765 827 p.
783 742 855 808 250.
879 741 930 805 ed.
952 741 1117 822 Lindem.:
1140 756 1280 828 stuprum
1292 767 1357 829 pro

309 839 502 925 turpitudine
521 842 665 927 antiquos
684 841 804 905 diuisae
830 842 979 908 testantis
1004 839 1230 928 laudantisque
1252 864 1357 907 exem-

311 939 366 1024 pla
387 940 540 1005 nonnulla
561 963 605 1004 ex
625 940 734 1026 Appio
754 941 946 1026 Naevioque
967 941 1126 1024 nituntur,
1152 942 1224 1026 quis
1244 942 1360 1007 horum

311 1037 446 1104 obsecro
486 1049 631 1105 veterem
671 1039 837 1103 horrorem
875 1039 1057 1123 elegantiae
1093 1039 1266 1104 obtruserit
1299 1040 1359 1105 Oa·

309 1138 402 1203 tulli?
443 1139 572 1225 Neque,
599 1148 636 1203 ut
662 1138 858 1224 significavi,
885 1148 1011 1203 veteres
1037 1138 1116 1202 talia
1140 1141 1249 1226 turpia
1268 1151 1359 1225 putu
1428 1198 1436 1207 .

309 1236 403 1322 bant,
430 1237 541 1323 qualia
567 1238 595 1301 si
616 1258 655 1301 eo
676 1238 807 1301 nomine
827 1245 925 1323 poeta
946 1236 1119 1301 obiecisset
1144 1238 1261 1303 Flavio
1282 1241 1359 1303 ami·

307 1357 365 1418 co,
398 1355 551 1420 magnam
578 1338 609 1399 ei
633 1336 845 1401 offensionem
872 1334 1039 1401 attulisset.
1089 1336 1156 1400 sed
1181 1359 1268 1401 nova
1293 1340 1359 1402 iam

308 1435 412 1498 oritur
437 1433 618 1499 difficultas.
662 1434 750 1514 Quid
777 1435 864 1499 enim
885 1434 1042 1499 faciamus
1062 1445 1209 1501 truncato
1230 1436 1286 1500 illo
1307 1460 1359 1500 uu

309 1533 374 1596 let?
416 1532 509 1597 Idem
533 1533 646 1598 volunt
672 1556 743 1599 esse
770 1533 859 1619 quod
884 1535 994 1621 refert,
1022 1532 1238 1618 (Graecorum
1260 1535 1358 1602 a'rdu

310 1630 421 1696 laudat
442 1630 603 1717 Scaliger)
629 1632 683 1697 vel
705 1631 835 1717 prodeat
859 1632 913 1698 vel
939 1655 1053 1697 causae
1076 1656 1139 1697 noo
1157 1647 1204 1697 cst
1228 1633 1282 1699 vel
1303 1656 1358 1698 ne-

311 1732 378 1795 scio
412 1730 502 1817 quid,
536 1732 625 1796 ouius
652 1732 852 1818 significatus
878 1731 1000 1796 nullum
1025 1734 1226 1796 novissemus
1253 1754 1359 1797 exem·

308 1828 404 1914 plum,
426 1831 489 1894 nisi
511 1830 658 1917 Scaliger
678 1830 842 1898 laudasset
863 1852 905 1895 ex
927 1826 1091 1918 epitaphio
1113 1830 1253 1917 quodam
1275 1831 1357 1894 Nar-

308 1928 459 2013 bunensi,
490 1951 564 1995 mea
595 1931 754 1996 sententia
785 1931 864 1995 satis
897 1929 1037 1993 barbare
1063 1930 1193 2016 scripto.
1243 1929 1359 2017 Neque

308 2027 406 2092 velim
431 2028 463 2092 b.
490 2028 510 2093 l.
537 2030 660 2116 privari
685 2030 979 2116 pronominantur,
1007 2027 1094 2116 quod
1121 2050 1232 2094 omnes
1260 2029 1357 2094 codd

308 2148 385 2190 mss.
411 2137 540 2210 praeter
562 2127 667 2193 Guelf.
689 2128 730 2194 A
756 2128 916 2215 praebere
937 2128 1091 2210 vidimus3
1121 2150 1184 2213 quo
1206 2149 1305 2212 quum
1324 2127 1359 2191 li-

309 2225 438 2307 benter,
464 2232 501 2289 ut
525 2225 611 2308 aliis,
637 2227 773 2290 Latinos
800 2225 844 2289 ad
871 2225 1090 2310 designandas
1116 2247 1169 2289 res
1190 2226 1357 2290 Venereas

308 2325 356 2388 uti
376 2332 489 2388 notum
510 2325 564 2408 sit,
590 2334 658 2389 tum
682 2323 714 2387 h.
735 2324 757 2387 l.
784 2324 865 2388 nihil
885 2325 991 2411 aptius
1013 2345 1083 2387 esse
1103 2333 1209 2411 potest
1229 2323 1275 2388 ad
1296 2324 1359 2389 Ca

306 2422 378 2487 tulli
399 2421 632 2488 describendas
655 2422 880 2488 dubitationes.
923 2422 964 2486 In
984 2422 1101 2509 Heysii
1123 2422 1262 2508 denique
1285 2444 1358 2487 oon

308 2523 445 2607 iectura,
473 2531 614 2586 ceterum
639 2522 823 2607 ingeniosa,
850 2520 967 2587 verba:
993 2523 1033 2585 ui
1053 2523 1117 2586 istu
1140 2544 1193 2585 ore
1213 2522 1358 2587 valette

308 2620 428 2686 nebras
450 2619 621 2685 offundunt
641 2620 720 2685 mihi
741 2631 828 2687 certe
849 2619 1120 2707 impenetrabiles.

392 2720 454 2783 His
475 2722 530 2785 via
551 2722 642 2806 quasi
662 2722 877 2807 praemunita,
899 2722 964 2785 iarn
985 2730 1128 2785 nostram
1145 2721 1358 2808 qualemcum-

309 2841 372 2905 que
399 2820 582 2906 opinionem
609 2818 844 2908 depromamus.
886 2820 938 2884 Ac
963 2821 1060 2885 totius
1087 2820 1219 2907 quidem
1243 2810 1357 2885 versus

201 2933 203 2938 ’
308 2916 505 3004 perturbatio
526 2919 603 2983 inde
623 2940 772 2984 manasse
793 2918 873 2982 mibi
893 2918 1035 3004 videtur,
1063 2919 1150 3005 quod
1175 2940 1355 3005 pronomen

307 3019 371 3082 iata
402 3020 512 3083 nescio
544 3041 607 3104 qua
639 3018 681 3082 de
714 3038 829 3083 caussa
854 3019 890 3082 in
916 3017 1064 3082 omnibus
1091 3018 1160 3081 fere
1187 3017 1354 3083 codicibus

309 3116 421 3181 sedem
447 3138 538 3181 suam
563 3120 747 3199 mutaverit,
774 3114 862 3200 quod
889 3116 917 3178 si
943 3137 982 3178 eo
1004 3114 1242 3198 reduxerimus,
1270 3114 1357 3200 quod
1401 3190 1407 3199 ἡ

309 3225 344 3279 ut
363 3215 433 3297 fiat,
459 3223 562 3278 metro
582 3214 773 3301 postulatur,
801 3211 884 3275 duee
906 3213 1098 3298 optimorum
1118 3212 1273 3277 librorum
1295 3234 1356 3298 ope

310 3321 343 3377 et
374 3312 562 3376 auctoritate
592 3314 751 3398 posterior
781 3316 895 3376 versus
926 3333 1002 3397 pars
1033 3310 1174 3398 legenda
1205 3314 1253 3377 sic
1282 3313 1355 3377 erit:

304 3413 467 3497 praevolet
491 3412 555 3475 istu
573 3413 622 3477 nil
640 3425 748 3477 tacere.
791 3409 926 3476 Restant
952 3411 1035 3475 duae
1061 3413 1186 3499 priores
1211 3411 1356 3496 romulae,

310 3531 446 3597 quarum
466 3533 565 3575 unam
586 3511 715 3577 oodiees
738 3535 849 3577 omnes
868 3522 998 3598 praeter
1013 3510 1120 3576 Guelf.
1136 3512 1180 3597 A,
1202 3513 1258 3598 qui
1273 3511 1358 3576 Num

308 3609 416 3695 babet,
437 3610 521 3675 Nam
542 3611 704 3696 exhibent,
727 3612 813 3699 quod
834 3612 913 3676 ferri
933 3632 999 3675 non
1020 3634 1125 3697 posse,
1148 3632 1246 3695 supra
1267 3612 1354 3693 satis,

307 3720 344 3775 ut
369 3720 462 3797 puto,
490 3709 743 3774 demonstratum
770 3722 831 3794 est3
859 3712 894 3773 in
921 3709 1023 3775 altera
1049 3710 1178 3773 variant
1203 3709 1287 3772 inter
1313 3709 1356 3789 ui,

308 3810 358 3890 in,
377 3832 428 3892 oe,
449 3811 502 3873 rui.
533 3809 588 3872 Ex
609 3808 658 3872 bis
681 3808 806 3874 duabus
828 3807 1034 3872 conflandum
1056 3808 1215 3893 suspicor:
1237 3806 1356 3870 Nuuue.

310 3905 433 3971 Versus
466 3919 574 3973 autem
600 3909 805 3994 insequentes
832 3906 981 3971 codicum
1006 3907 1146 3991 vestigia
1171 3927 1283 3992 presse
1310 3928 1357 3970 se·

309 4025 414 4091 quens
443 4016 510 4071 tam
540 4009 673 4094 egregie
704 4008 841 4073 restituit
872 4005 1115 4091 Lachmannus,
1151 4017 1185 4071 ut
1219 4007 1253 4070 in
1288 4007 1357 4072 eius

310 4103 536 4169 emendatione
556 4109 718 4194 acquiesci
733 4128 829 4194 posse
846 4106 1005 4173 videatur.
1036 4105 1137 4173 Totius
1152 4107 1251 4193 igitur
1265 4105 1356 4172 locus
