3392 4959
816 521 860 594 bb

314 742 458 806 ieeturae
472 748 603 804 nostrae
616 738 680 802 hoo
695 759 865 806 commune
879 736 1009 821 habent,
1032 746 1067 801 ut
1080 739 1204 823 primae
1219 736 1364 823 syllabae

314 863 376 925 quo.
397 838 597 925 respondeat
622 860 688 902 eon.
720 835 755 921 (u
775 837 894 901 lineola
914 847 1059 901 notatum
1079 836 1256 921 intercidit3
1285 837 1326 901 de
1347 856 1364 901 e

315 948 348 1003 et
369 961 389 1023 q
410 939 540 1002 mutatis
561 935 628 1003 vid.
646 935 690 1000 ad
705 936 748 1019 II,
765 936 809 1020 8.)
846 936 918 1000 Iam
939 948 1109 1021 supersunt
1129 936 1255 1000 litterae
1274 936 1362 1020 tidie,-

315 1059 334 1101 e
356 1035 473 1123 quibus
494 1038 522 1101 si
543 1036 670 1121 quaeris
692 1045 800 1099 utrum
822 1034 969 1099 Sentenii
990 1036 1075 1118 tina,
1096 1056 1141 1099 an
1160 1034 1365 1099 Laohmannl

314 1137 424 1219 eoquat,
446 1158 489 1199 an
510 1144 657 1198 nostrum
673 1132 754 1197 dedet
769 1132 897 1197 facilius
913 1134 991 1197 eriri
1005 1135 1153 1219 potuerit,
1174 1154 1365 1220 responsum

314 1257 381 1298 non
403 1232 595 1298 verebimur.
619 1232 793 1297 Sentenius
814 1232 897 1295 duas
917 1231 1039 1308 litteras
1060 1233 1185 1315 retinet,
1206 1255 1266 1297 nos
1287 1243 1369 1317 tres,

316 1330 433 1419 quibus
454 1333 558 1417 prima
573 1330 693 1415 littera,
715 1329 824 1395 media
844 1332 880 1395 in
898 1340 1028 1395 tenuem
1048 1340 1185 1414 mutata,
1208 1341 1367 1417 quartum

315 1430 404 1495 haud
429 1429 646 1516 spernendum
666 1429 907 1516 probabilitatis
929 1428 1148 1494 adiumentum
1169 1430 1366 1515 adiungitur.

315 1529 400 1595 Vide
428 1529 592 1593 Heraeum
618 1552 649 1614 p.
674 1528 759 1611 loe,
787 1527 844 1591 ubi
871 1528 895 1591 d
919 1538 952 1592 et
977 1541 990 1591 t
1015 1528 1193 1594 litterarum
1218 1530 1304 1593 inter
1331 1550 1366 1593 se

316 1637 570 1714 permutatarum
584 1626 685 1691 multa
700 1626 849 1712 exempla
862 1626 1045 1691 laudantur.
1076 1627 1201 1707 Quibus
1217 1628 1366 1714 denique,

317 1725 406 1813 quod
431 1726 641 1790 communiter
663 1726 733 1789 ausi
754 1747 876 1808 sumus,
903 1750 925 1789 a
944 1727 980 1789 in
1001 1738 1015 1789 t
1033 1735 1159 1790 mutare
1178 1726 1293 1812 religio
1317 1728 1367 1811 sit,

317 1847 373 1891 eos
401 1846 597 1911 quamquam
622 1846 689 1888 non
714 1825 826 1909 magni
851 1824 936 1888 faeie
963 1825 998 1887 in
1022 1835 1134 1910 partes
1154 1834 1281 1890 nostras
1306 1836 1368 1891 tra

317 1924 404 2007 here,
426 1933 535 1987 tamen
556 1924 755 1987 anxietatem
777 1943 888 1986 eorum
907 1922 1081 2009 paullulum
1097 1922 1235 1988 fortasse
1250 1924 1367 1988 sedare

316 2045 462 2108 possum,
491 2024 518 2086 si
544 2021 615 2085 illas
641 2021 765 2085 litteras
791 2031 961 2108 tantopere
989 2024 1024 2086 in
1052 2022 1147 2087 eedd.
1168 2022 1283 2088 litteris
1311 2025 1367 2086 mi-

317 2119 460 2185 nusculis
482 2122 609 2205 seriptis
636 2142 702 2184 non
731 2119 861 2183 differre
883 2120 1011 2204 dixero,
1039 2123 1129 2207 quin,
1157 2123 1185 2185 si
1205 2123 1305 2205 linea,
1332 2131 1367 2187 ut

318 2220 364 2285 ita
386 2218 505 2303 dicam,
528 2220 704 2304 anguinea,
726 2239 809 2305 quae
830 2220 866 2281 in
886 2218 992 2283 littera
1013 2232 1026 2282 t
1047 2241 1145 2305 supra
1166 2218 1301 2303 ducitur,
1323 2222 1367 2284 iu·

318 2327 368 2383 sto
389 2317 461 2404 plus
483 2318 688 2383 dextrorsum
709 2319 970 2383 sinistrorsumve
993 2317 1142 2402 declinat,
1165 2320 1250 2383 inter
1265 2341 1300 2383 se
1322 2341 1369 2383 se

319 2416 394 2481 dem
414 2426 540 2481 mutare
561 2418 694 2503 possint.
732 2417 785 2480 De
806 2415 1062 2502 Langobardiea
1083 2427 1190 2482 autem
1212 2419 1370 2504 scriptura

318 2516 467 2579 Heraeus
492 2539 524 2601 p.
553 2514 603 2580 86.
631 2525 753 2599 monet,
785 2516 901 2579 harum
926 2515 1103 2580 litterarum
1130 2515 1371 2581 similitudinem

321 2621 446 2679 tantam
473 2636 559 2697 esse,
593 2623 628 2679 ut
656 2614 818 2679 interdum
846 2614 989 2679 discerni
1014 2624 1178 2701 nequeant
1204 2625 1259 2680 aut
1284 2626 1372 2680 eerte

318 2714 377 2779 vix
397 2714 531 2801 possint.
577 2712 643 2798 Of„
672 2736 753 2801 quos
774 2713 827 2778 ille
848 2712 975 2799 laudat,
1001 2714 1225 2779 Mabillenium
1246 2716 1300 2779 De
1320 2716 1369 2779 Re

319 2811 461 2899 Diplom.
483 2810 551 2878 tab.
569 2813 609 2878 V.
632 2814 683 2880 lu
698 2814 728 2879 3.
750 2836 780 2899 p.
797 2813 868 2878 353.
892 2823 925 2879 et
947 2813 1059 2878 dootos
1081 2814 1313 2878 Benedictinos
1334 2816 1370 2878 in

321 2933 420 2997 opere
448 2910 670 2998 diplomatico,
697 2912 784 2997 quod
805 2912 1005 2977 inscribitur:
1049 2913 1199 2977 Noaveou
1220 2915 1314 2978 trade
1332 2914 1371 2978 da

321 3010 543 3094 deplometr‘que
564 3011 656 3075 Tem.
674 3011 735 3074 ΠΙ.
757 3009 824 3074 tab.
841 3010 893 3072 49.
917 3010 1123 3095 0011.p.278.
1141 3034 1209 3097 sqq.
1225 3035 1372 3098 quaeque

320 3117 492 3193 praeterea
512 3106 665 3170 laudate
684 3106 778 3170 codd.
794 3130 870 3174 mss.
886 3107 1045 3193 exempla.
1076 3108 1228 3173 Ceterum
1244 3132 1285 3173 ne
1301 3123 1371 3174 rem

320 3206 415 3272 nimis
436 3206 603 3288 miremur,
633 3203 748 3270 Catull.
770 3205 827 3290 IV,
849 3207 900 3272 20.
924 3208 959 3270 in
979 3206 1113 3271 Laohm.
1134 3208 1177 3272 D.
1200 3208 1255 3291 L.,
1283 3208 1373 3294 quod

321 3304 421 3370 etium
441 3303 546 3388 magis
568 3304 684 3368 mirum
706 3314 768 3388 est,
790 3328 868 3368 eura
888 3304 1006 3391 legitur
1025 3328 1085 3392 pro
1106 3330 1201 3390 uurag
1227 3329 1244 3370 e
1265 3317 1372 3373 autem

322 3412 355 3468 et
377 3414 390 3469 t
409 3404 540 3468 mutatis
562 3402 642 3474 nibil
663 3403 861 3491 frequentius
883 3415 942 3471 est.
1367 3417 1369 3419 ’

732 3657 907 3765 uus
932 3670 966 3753 s
1075 3749 1077 3752 ,
1148 3649 1184 3748 J

333 3842 335 3846 .
387 3862 389 3866 ,
403 3801 445 3867 V.
469 3801 498 3866 1.
528 3800 570 3867 Si
587 3823 650 3886 quo
669 3800 737 3865 viro
759 3800 834 3864 boae
856 3822 1017 3864 saoromm
1037 3799 1153 3871 obstitit
1172 3800 1286 3865 laeua.
1314 3801 1373 3867 sie

323 3896 445 3965 habent
467 3899 594 3984 Ouiae,
616 3899 760 3986 plerique
781 3899 906 3983 Vossii,
929 3898 1023 3963 codd.
1043 3898 1214 3985 Meleagri,
1236 3901 1372 3987 Marcii,

324 3995 439 4080 Laud.
460 3998 653 4065 Rossbachii
674 4020 794 4082 omnes,
815 3999 880 4062 nisi
902 3998 990 4085 quod
1005 4000 1045 4082 P²
1061 3996 1160 4063 habet
1176 4001 1262 4084 bello,
1284 4001 1376 4088 quod

324 4094 413 4161 idem
433 4096 570 4183 praebet
589 4098 642 4164 ed.
664 4098 755 4184 Reg„
776 4098 1208 4182 Rheba-Lachmauni-Is
1224 4100 1274 4168 D.
1289 4101 1377 4167 Lau-³
