3392 4959
843 538 889 610 41

343 777 406 841 qua
432 777 468 820 re
495 755 615 820 videsis
641 753 816 817 Burmann.
843 754 864 817 l.
892 753 912 817 l.
936 777 968 839 p.
996 753 1068 817 477.
1118 751 1228 818 Unum
1253 755 1318 818 iarn
1344 777 1394 818 re

344 866 420 938 stat,
448 866 482 920 ut
504 854 545 918 de
566 854 743 918 litterarum
764 851 985 936 similitudine,
1013 852 1116 939 qualis
1137 854 1221 918 inter
1243 854 1394 918 codicum

343 954 513 1039 lectionem
539 962 746 1037 nostramque
769 952 987 1015 coniecturam
1008 952 1203 1036 intercedat,
1231 952 1394 1038 quaedam

318 1073 331 1097 ··
344 1074 544 1135 moneamus3
568 1073 651 1137 quae
672 1050 771 1115 multo
793 1052 897 1115 maior
919 1062 975 1135 est,
998 1073 1094 1137 quam
1111 1052 1181 1137 quis
1198 1053 1300 1137 primo
1320 1074 1394 1116 oeu-

344 1151 447 1215 lorum
474 1150 586 1215 obtutu
613 1137 791 1237 suspicatus
819 1152 868 1215 sit.
916 1150 1127 1236 Respondent
1155 1150 1217 1216 sibi
1244 1150 1394 1238 singulae

345 1250 469 1314 litterae
492 1250 554 1313 sic:

494 1350 904 1413 eminente
988 1371 1193 1415 naso

493 1448 901 1537 etimagi
990 1470 1270 1513 nosum

344 1568 479 1631 quarum
497 1548 637 1610 omnium
655 1548 916 1633 permutationes,
939 1548 967 1611 si
988 1570 1009 1611 a
1029 1571 1060 1610 m
1082 1556 1113 1611 et
1135 1560 1147 1611 t
1168 1547 1308 1612 confusis
1331 1545 1394 1611 dis-

344 1646 492 1729 cesseris,
521 1646 729 1732 (quamquam
751 1646 838 1731 quod
859 1648 894 1710 in
915 1646 986 1710 aliis
1008 1646 1103 1711 codd.
1125 1646 1244 1732 legitur
1264 1670 1318 1709 uec
1338 1668 1395 1709 no

345 1754 410 1808 stro
433 1768 478 1808 cm
499 1757 650 1810 accurate
672 1746 860 1830 respondet,
883 1756 914 1810 et
935 1745 1050 1810 catull.
1073 1746 1167 1829 LXI,
1192 1747 1261 1809 177.
1289 1744 1394 1808 Lach-

343 1866 466 1914 mann..
473 1867 521 1930 pr.
544 1845 582 1908 L.
606 1855 637 1909 et
658 1845 895 1908 Laurentianus
916 1845 1037 1907 arsiam
1051 1843 1172 1908 habent
1185 1865 1260 1928 pro:
1278 1845 1395 1925 amtor,

343 1941 502 2025 LXVIII,
530 1943 599 2007 151.
627 1944 669 2006 D.
697 1956 821 2028 tanqam
846 1963 920 2027 pro:
949 1940 1083 2027 tanqua)
1111 1942 1230 2026 optime
1256 1949 1395 2025 possunt

344 2039 521 2126 explanari.
563 2040 649 2105 Nam
669 2050 713 2124 ut,
736 2062 819 2125 quae
841 2049 1031 2124 congruunt,
1052 2039 1174 2104 litteras
1197 2040 1395 2123 omittamus,

343 2163 380 2203 ue
400 2140 436 2204 in
455 2164 486 2203 m
508 2151 539 2204 ct
559 2163 581 2203 a
601 2141 678 2203 in‘o
701 2149 853 2225 corrupta
875 2160 945 2203 esse
967 2161 1062 2202 nemo
1089 2137 1274 2220 mirabitur3
1302 2139 1396 2203 cuius
1421 2201 1423 2204 .

343 2240 392 2303 rei
423 2236 540 2303 similia
572 2238 721 2326 exempla
752 2238 916 2324 congessit
946 2236 1098 2301 Pleitner.
1130 2238 1245 2322 Progr.
1277 2259 1309 2322 p.
1344 2238 1393 2302 17.

344 2337 435 2423 (XL,
457 2340 501 2401 1.:
521 2338 631 2403 invide
645 2368 680 2394 =
693 2336 820 2421 ravide,
842 2336 967 2420 LXVI,
987 2337 1054 2401 27.;
1077 2335 1198 2400 bonum
1212 2363 1247 2390 =
1260 2333 1391 2420 bonam,

344 2437 410 2500 (11.1
444 2447 534 2502 tuum
562 2466 596 2492 =
624 2447 725 2521 tuam,
761 2437 888 2520 XLIV,
919 2437 983 2500 10.:
1018 2436 1159 2500 convivii
1184 2464 1219 2490 =
1246 2434 1395 2519 conviva,

343 2535 455 2618 LXII,
478 2536 543 2600 63.:
567 2536 693 2602 solit:
714 2535 808 2621 sola.)
852 2536 883 2599 Τ
904 2547 1012 2601 autem
1045 2544 1116 2621 etp
1139 2532 1299 2620 quomodo
1321 2555 1396 2598 con-

344 2634 502 2697 sociarem
523 2657 621 2720 quum
643 2634 760 2698 dubius
783 2655 901 2717 essem,
923 2656 1020 2720 quam
1042 2656 1101 2697 eae
1121 2633 1246 2698 litterae
1262 2634 1301 2695 in
1319 2630 1395 2695 cha·

344 2743 469 2796 raotere
490 2730 743 2817 Langobardioo
772 2734 857 2797 inter
884 2754 919 2795 se
941 2732 1060 2796 similes
1082 2731 1245 2819 quondam
1265 2730 1395 2815 fuerint,

346 2831 482 2896 edoctus
505 2854 574 2895 sum
597 2831 780 2917 specimine,
804 2829 891 2916 qnod
913 2831 941 2894 si
961 2853 1027 2895 non
1044 2833 1116 2916 ipsa
1130 2829 1394 2917 Langobardica,

348 2931 391 2995 ad
413 2931 487 2994 huic
509 2929 669 2993 simillima
690 2930 848 3016 scriptura
871 2929 1051 2995 confectum
1073 2940 1133 3014 ost,
1158 2930 1288 2995 Horatii
1309 2928 1396 2993 codi-

345 3032 391 3095 cis
418 3030 625 3095 vetustissimi
648 3030 824 3093 Bsmensis
852 3029 908 3113 (K.
930 3052 961 3093 n.
985 3028 1085 3115 363.)‚
1113 3028 1201 3115 quod
1226 3050 1330 3115 nuper
1350 3028 1391 3092 F.

344 3130 538 3195 Hauthalius
569 3131 604 3193 in
629 3128 768 3194 Acronis
801 3139 833 3194 et
858 3128 1090 3215 Porphyrionis
1119 3128 1217 3193 schol.
1244 3136 1336 3213 parte
1363 3126 1390 3190 I.

346 3230 468 3314 (1859.)
491 3228 732 3315 depingendum
754 3230 889 3293 curavit.
928 3227 981 3293 Ibi
1001 3228 1064 3293 hac
1084 3226 1188 3291 forma
1209 3224 1391 3291 exhibitum

345 3338 394 3393 est
414 3350 450 3413 g:
480 3334 509 3398 ἵ,
532 3327 594 3390 hac
615 3341 738 3392 vorot:
764 3337 792 3392 t.
831 3327 881 3393 Os.
908 3327 1074 3392 Mabillon.
1101 3327 1155 3390 Do
1177 3325 1225 3390 Re
1250 3323 1394 3411 Diplom.

344 3449 398 3511 pp.
421 3425 493 3489 353.
514 3425 585 3489 361.
608 3447 676 3510 sqq.
703 3425 738 3487 Ε
757 3436 789 3491 61
808 3427 825 3490 i
842 3449 938 3512 quum
960 3426 1140 3491 sexcenties
1163 3427 1248 3490 inter
1274 3446 1309 3488 so
1329 3447 1397 3488 rnu-

344 3535 412 3590 tata
433 3533 506 3588 sunt
527 3520 572 3607 (v.
595 3523 763 3599 Heraeum,
776 3547 807 3608 p.
828 3524 898 3588 108.
920 3524 1014 3610 sqq),
1036 3535 1103 3589 tum
1124 3525 1155 3589 h.
1176 3523 1197 3589 l
1219 3522 1255 3588 id
1275 3544 1395 3609 nequa-

345 3646 440 3711 quam
462 3622 643 3688 mirandum
665 3632 721 3706 est,
744 3645 840 3710 quum
862 3622 1020 3688 eiusmodi
1036 3622 1207 3707 adiectiva,
1229 3620 1324 3709 quale
1345 3630 1396 3685 est

346 3724 487 3807 eminens,
510 3720 678 3787 auferendi
700 3743 778 3786 casu
798 3723 833 3787 in
855 3721 1039 3788 alterutram
1054 3723 1194 3788 litteram
1215 3722 1303 3786 exire
1320 3707 1394 3804 pos-

347 3825 418 3888 sint.
456 3823 509 3886 De
531 3848 552 3887 a
573 3833 605 3888 61
627 3822 742 3888 ovidc
764 3844 861 3909 supra
882 3821 925 3886 ad
947 3823 1009 3907 Vl,
1033 3824 1099 3906 123
1122 3844 1138 3885 o
1162 3833 1193 3887 et
1213 3846 1235 3886 a
1254 3828 1395 3884 mutatas

346 3923 447 3988 habes
480 3922 552 4005 CV,
580 3922 624 3986 la:
652 3923 793 4009 forcillis
824 3923 863 3988 L.
886 3923 1035 4010 fortillis‘
1058 3923 1100 3986 D.
1134 3944 1208 4007 pro:
1231 3918 1394 4008 furcaltis3

347 4021 454 4104 XVII,
464 4023 507 4086 l.:
525 4021 685 4086 Oculoaio
695 4022 743 4106 L.,
761 4022 855 4088 Oculo
866 4024 901 4088 ia
911 4025 953 4089 D.
964 4046 1038 4108 pro:
1057 4018 1231 4106 OColoaia,
1238 4016 1395 4101 LXVIII,

349 4116 402 4201 74,
425 4119 479 4203 80,
504 4120 589 4186 toa:
617 4119 793 4188 nasama
813 4123 857 4188 D.
880 4123 918 4188 L.
939 4143 1014 4206 pro:
1043 4120 1228 4187 Laodamia.
1269 4116 1395 4201 LXIII,
