3392 4959
748 608 947 622 m

266 760 269 766 ·
325 737 436 802 husius
458 736 513 821 (cf.
536 736 621 801 infra
643 757 742 800 carm.
764 737 923 822 LXVlH,
947 738 1033 803 144.:
1058 726 1264 827 Frd'proatem
1284 741 1370 827 cte),

327 858 423 923 quem
457 857 575 900 vereor
605 856 647 900 ne
677 856 793 923 parum
818 836 955 901 feliciter
984 838 1223 924 impugnaverit
1247 840 1371 905 Husch-

304 987 306 991 .
325 936 410 1020 kius.
434 935 529 999 Haec
545 936 614 999 eius
630 943 704 999 sunt
719 934 836 1000 verba:
858 983 939 1021 „„..
955 983 963 1000 .
985 936 1130 1002 Tametsi
1146 940 1232 1001 enim
1248 938 1372 1005 nullum

324 1036 484 1099 succurrit
511 1032 708 1119 exemplum,
736 1055 800 1121 quo
828 1036 988 1122 correptio
1014 1038 1137 1122 primae
1162 1035 1257 1101 huius
1277 1038 1372 1103 verbi

318 1132 471 1219 syllabae
499 1133 714 1198 demonstrari
740 1143 852 1219 queat,
878 1142 989 1199 tamen
1014 1134 1102 1200 idem
1128 1137 1196 1200 eius
1217 1157 1258 1199 ac
1277 1136 1372 1201 verbi

314 1233 459 1320 stuprare
473 1231 627 1298 modulus
649 1254 721 1298 esse
742 1232 853 1318 debet,
876 1234 974 1297 etiam
994 1232 1035 1297 de
1052 1236 1210 1300 sententia
1225 1244 1371 1301 veterum

325 1329 633 1417 Grammaticorum,
671 1332 726 1417 qui
765 1325 923 1416 statuunt,
962 1342 1134 1420 utrumque
1168 1355 1267 1399 unum
1300 1356 1373 1399 esso

324 1430 476 1518 idemque
502 1429 649 1497 verbum.
692 1429 785 1496 Serv.
812 1430 858 1495 ad
877 1429 961 1495 Aen.
982 1432 1014 1516 I,
1040 1432 1129 1497 436.;
1162 1434 1372 1520 „su-aprunum

324 1531 431 1597 meda:
477 1529 636 1611 Quotiens
662 1529 848 1594 incendium
870 1530 1083 1616 significatur,
1111 1531 1198 1618 quod
1218 1532 1297 1597 flatu
1317 1532 1372 1596 ali·

324 1638 378 1695 tur
403 1629 471 1714 (vel
497 1651 518 1693 a
542 1629 687 1713 flamma)
715 1650 775 1715 per
799 1628 811 1692 l
838 1628 990 1713 dicimus3
1023 1632 1172 1717 quotiens
1198 1630 1288 1713 odor,
1315 1632 1372 1717 qui

325 1728 429 1793 fracta
450 1729 559 1816 specie
581 1728 685 1792 maior
706 1736 768 1812 est,
789 1749 887 1815 perr
909 1728 1046 1794 dicimus
1056 1731 1222 1817 froprot.“
1260 1730 1372 1817 Expli-

327 1828 431 1893 catius
463 1827 545 1892 haec
576 1827 728 1913 leguntur
759 1826 848 1914 apud
875 1825 1112 1894 Gothofredum
1136 1850 1168 1914 p.
1197 1829 1292 1910 1366,
1318 1828 1371 1893 46.

324 1926 409 1991 Non.
435 1925 579 1991 Marcell
607 1949 639 2013 p.
668 1926 742 2011 730,
768 1926 836 1990 44.:
884 1926 1059 2014 „Floprore
1089 1941 1119 1992 et
1137 1929 1294 2015 fraprore
1324 1928 1372 1991 ita

326 2024 564 2109 discernuntur,
593 2022 680 2110 quod
700 2024 856 2113 dtaprare
877 2035 926 2090 est
945 2025 1077 2090 incendi
1098 2035 1131 2090 et
1151 2024 1281 2090 ardere:
1294 2026 1371 2112 fre
1414 2043 1416 2048 ·

321 2147 417 2211 prore
436 2146 516 2189 vero
538 2123 638 2207 olere,
660 2133 693 2189 et
713 2126 748 2188 in
769 2124 914 2211 plurimis
931 2125 1096 2190 invenitur
1110 2126 1174 2189 ista
1190 2123 1372 2190 discreti0.“

324 2222 380 2287 Ex
401 2245 465 2310 quo
488 2224 585 2288 etiam
606 2223 669 2288 hoc
690 2223 843 2308 efficitur,
865 2224 963 2289 aare
973 2224 1122 2312 floproar
1141 2225 1232 2288 rento
1247 2237 1276 2288 et
1290 2224 1370 2288 olivo
1416 2272 1418 2275 Α

324 2345 391 2388 non
413 2321 497 2387 bene
520 2322 586 2388 dici
605 2332 791 2410 propterea,
820 2322 909 2409 quod
930 2324 977 2388 sic
997 2323 1086 2388 notio
1107 2323 1244 2388 infertur
1264 2324 1371 2389 incen-

325 2421 372 2487 dii
399 2424 478 2488 satis
499 2422 643 2488 molesta.
686 2422 776 2508 Ergo
797 2421 970 2487 retinenda
990 2431 1040 2487 est
1060 2422 1197 2487 aliorum
1216 2420 1371 2486 librorum

323 2522 420 2587 lectio
441 2524 616 2607 frapraaa,
649 2542 746 2606 quam
775 2520 857 2585 ultro
885 2519 1091 2584 commendat
1117 2530 1269 2585 constans
1296 2521 1371 2585 scri-

323 2629 453 2706 ptorum
480 2616 688 2684 consuetudo.
731 2616 817 2682 Vide
845 2616 1056 2703 Oudendorp.
1084 2616 1127 2680 ad
1150 2615 1269 2704 Appul.
1290 2618 1370 2683 Met.

324 2718 384 2803 III,
401 2740 433 2804 p.
450 2715 567 2782 209.““
593 2717 687 2780 Haec
703 2714 902 2799 Huschkius,
924 2715 1041 2802 quibus
1056 2716 1181 2803 primae
1197 2718 1287 2781 vocis
1293 2718 1371 2803 sra-

321 2842 420 2905 prona
440 2815 584 2903 syllabae
606 2809 842 2902 correptionem
865 2814 960 2879 docte
980 2814 1180 2879 vindicatam
1199 2837 1271 2879 esse
1287 2814 1370 2878 affin

323 2926 391 2981 mat
412 2916 513 3002 Sillig.
537 2914 633 2979 (lens.
653 2938 687 3001 p.
708 2913 780 2978 264.
822 2912 904 2977 Mihi
924 2935 990 2978 non
1011 2914 1089 2977 item
1109 2913 1247 2977 videtin.
1284 2914 1371 2978 Nam

325 3015 413 3101 quod
432 3013 486 3078 ille
507 3016 673 3099 utriusque
694 3012 788 3079 verbi
808 3012 974 3078 modulum
995 3011 1135 3077 eundem
1155 3033 1226 3076 esse
1249 3010 1370 3076 debere

325 3115 417 3199 dicit,
445 3112 601 3201 exemplis
622 3122 732 3178 tamen
754 3113 927 3195 evincitur,
955 3133 1026 3175 nor.
1043 3109 1182 3175 eundem
1203 3132 1288 3193 esse,
1315 3132 1371 3174 ne

325 3236 388 3299 que
408 3212 494 3278 hanc
515 3214 707 3278 sententiam
727 3221 875 3277 veterum
889 3211 1173 3297 grammaticorum
1193 3210 1292 3274 fuisse
1313 3220 1371 3274 aut

323 3310 382 3376 hos
415 3321 569 3395 statuere,
607 3321 776 3397 utrumque
807 3334 907 3375 unum
938 3332 1010 3374 esse
1042 3308 1194 3395 idemque
1224 3307 1370 3393 verbum,

325 3410 476 3497 equidem
507 3432 550 3474 ex
574 3411 628 3492 iis,
660 3432 742 3496 quos
768 3409 928 3492 laudavit,
961 3408 1078 3472 elicere
1104 3430 1244 3494 possum.
1295 3407 1371 3472 Hoc

323 3511 461 3575 fortasse
486 3509 521 3572 in
546 3530 616 3571 rem
641 3529 732 3573 suam
757 3517 886 3572 vertere
912 3515 1053 3592 poterat,
1079 3508 1218 3593 primam
1237 3515 1371 3593 propter

324 3616 493 3695 sequentes
514 3606 653 3694 liquidas
670 3605 730 3670 GR
750 3607 785 3670 in
806 3614 942 3691 utroque
960 3606 1135 3693 ancipitem
1152 3627 1231 3690 esse,
1252 3614 1370 3670 natura

323 3708 472 3791 brevem;
500 3715 532 3772 et
558 3728 636 3770 casu
661 3706 782 3771 factum
809 3727 894 3788 esse,
920 3714 957 3769 ut
972 3706 1129 3792 froprere
1152 3704 1286 3791 ubique,
1315 3726 1369 3769 ex·
1450 3781 1454 3787 q

324 3816 417 3895 cepto
444 3829 509 3873 uno
531 3806 650 3898 Catulli
675 3806 762 3891 loco,
789 3806 926 3893 primam
950 3804 1071 3870 habeat
1093 3814 1287 3889 correptam,
1303 3802 1369 3890 flu

321 3930 416 3994 prore
435 3906 532 3972 modo
555 3918 747 3994 correptam,
770 3904 867 3970 modo
883 3902 1084 3991 productam.
1115 3901 1182 3967 Sed
1198 3904 1270 3989 quis
1286 3902 1370 3967 haec

323 4007 358 4070 in
379 4015 470 4073 tanta
489 4004 634 4070 locorum
654 4006 858 4072 multitudine
878 4014 946 4069 tam
965 4023 1080 4087 parum
1100 4001 1287 4066 verisimilia
1303 4023 1370 4066 cre-

325 4102 404 4171 dat?
456 4105 631 4173 Praeterea
659 4126 726 4172 non
753 4102 895 4170 debebat
920 4100 1087 4187 negligere
1113 4100 1202 4189 apud
1227 4101 1371 4168 Nonium
