3392 4959
831 496 875 567 al

327 712 401 775 cdd.
428 714 543 798 princ„
570 714 651 798 Reg.
673 713 745 777 Vic.
767 714 858 778 Brix.
881 714 970 798 Lips.
992 711 1066 776 Ald.
1091 713 1115 777 Ι.
1138 712 1236 777 Basil.
1261 710 1371 797 Guar„

327 813 359 874 in
374 812 566 877 Rossbachii
584 811 623 875 G:
641 812 676 876 O.
692 813 741 892 F„
763 812 964 876 Lachmanni
979 812 1017 875 L.
1033 812 1086 895 D.‚
1109 813 1198 876 obvia
1218 814 1254 875 in
1276 812 1370 876 codd.

328 908 516 995 Gingninffi,
541 910 732 975 Rossbachii
756 912 815 974 Dr.
841 911 890 993 Pl.
912 911 961 992 P2.
983 911 1027 974 M.
1051 909 1124 994 Gul.
1149 909 1239 994 Gur,
1267 933 1371 995 marg.

328 1007 383 1092 G„
411 1010 612 1073 Lachmanni
638 1011 736 1073 Laur.
765 1018 797 1072 et
823 1031 926 1093 marg.
952 1010 991 1073 L.
1034 1009 1237 1073 Lachmauni
1257 1010 1301 1073 D.
1329 1032 1373 1072 ex

327 1107 505 1171 Froehneri
526 1110 708 1173 testimonio
730 1109 764 1171 in
785 1107 899 1171 Philol.
921 1108 1012 1172 XIV.
1034 1108 1055 1171 l.
1078 1108 1098 1172 l.
1122 1108 1307 1172 nonhabet
1328 1122 1372 1172 ta-

326 1208 446 1290 mieiue,
474 1208 533 1271 sed
561 1230 578 1270 e
607 1208 806 1271 correctione
833 1207 981 1289 comibus,
1009 1206 1095 1292 quod
1116 1208 1254 1292 primum
1275 1207 1372 1271 fuerit

327 1329 395 1368 aim
416 1308 481 1369 eius
501 1306 650 1392 idemque
673 1307 911 1369 ecorrectione
934 1306 1028 1368 latere
1050 1315 1081 1368 et
1095 1307 1231 1393 fremit.
1272 1307 1372 1370 Deni-

327 1427 388 1489 que
420 1428 488 1468 cam
516 1407 580 1468 cies
606 1405 740 1468 Lachm.
768 1405 807 1467 L.
835 1414 868 1468 et
894 1405 1005 1487 Lanu,
1040 1418 1104 1468 tam
1129 1406 1195 1468 cies
1220 1405 1369 1470 Riccard.

315 1505 472 1590 fraapeas
492 1504 534 1568 D.
557 1504 596 1567 L.
620 1502 739 1567 Statius
762 1504 912 1567 coniecit:
940 1527 1157 1588 qaaecumque,
1179 1503 1371 1569 Mitscherl.:
1411 1527 1416 1535 ·

325 1603 394 1683 late,
412 1626 490 1687 qaae
504 1603 645 1666 coraibus
660 1603 757 1683 obvia,
769 1604 941 1688 fraiapane
963 1602 1210 1667 Lachmannus:
1234 1604 1294 1668 late
1309 1627 1373 1687 qao

324 1714 369 1763 cst
390 1703 519 1787 impetus
539 1703 628 1765 obvia
639 1704 810 1788 fraiapane,
833 1701 921 1787 quod
941 1711 1135 1787 receperunt
1156 1702 1316 1787 Hauptius
1340 1712 1372 1766 et

324 1800 479 1885 Hcysiue,
512 1799 662 1886 probavit
688 1801 838 1864 Pleitner.
866 1800 979 1884 Progr.
1012 1824 1044 1886 p.
1074 1801 1123 1864 19.
1153 1800 1371 1865 Rossbachius

324 1900 465 1983 scripsit:
487 1900 623 1984 Lateqae
644 1912 672 1962 et
693 1900 828 1962 cominus
849 1900 953 1961 omnia
963 1900 1129 1985 fraapens.
1162 1900 1312 1985 Denique
1330 1898 1368 1963 C.

324 1996 379 2060 Fr.
401 1998 606 2061 Hermannus
628 2000 662 2060 in
683 1998 764 2061 Mus.
787 1997 890 2075 Rhen.
912 1997 969 2081 IV,
991 2021 1022 2083 p.
1045 1998 1115 2061 313.
1158 1996 1317 2081 Scaligeri
1339 2008 1371 2062 ct

325 2096 435 2159 Vossii
456 2097 656 2160 coniecturas
678 2095 866 2181 improbans
889 2096 1045 2182 simulque
1067 2095 1225 2160 audaciae
1242 2098 1371 2161 veniam

324 2194 387 2258 sibi
406 2205 519 2281 petens
537 2195 743 2259 scribendum
759 2197 941 2281 proposuit:
966 2197 1026 2259 late
1043 2195 1266 2281 qaafaaditar
1282 2197 1373 2260 obvio

312 2294 483 2380 fraiapane,
510 2296 544 2357 in
572 2317 634 2381 quo
663 2294 750 2380 quod
771 2295 975 2358 Lachmanni
1002 2296 1221 2358 coniecturam
1240 2316 1371 2380 prorsus

323 2392 533 2478 neglexisset,
556 2395 583 2457 is
599 2416 671 2457 cum
686 2393 925 2478 indignabundi
939 2395 1039 2457 animi
1053 2393 1287 2478 significatione
1301 2394 1370 2457 iure

322 2494 446 2556 notavit
468 2494 511 2556 ad
531 2493 660 2557 Lucret.
683 2516 713 2578 p.
737 2493 809 2557 246.
854 2494 916 2557 His
939 2491 1086 2556 omnibus
1108 2491 1314 2556 recensendis
1335 2502 1371 2556 ut

323 2589 464 2655 breviter
487 2591 707 2675 defungamur,
729 2601 817 2655 recte
839 2592 1085 2677 frigidissimum
1102 2592 1284 2677 oppositum
1300 2613 1370 2655 esse

323 2690 529 2752 Hermannus
550 2690 714 2773 iudicavit,
736 2712 817 2775 „quo
840 2689 938 2754 arbor
959 2713 1024 2754 non
1046 2690 1149 2754 solum
1169 2689 1290 2776 procul,
1312 2689 1371 2754 sed

323 2789 420 2850 etiam
441 2789 588 2873 proxime
611 2789 812 2852 occurrentia
834 2798 976 2852 sternere
995 2788 1149 2853 dicatur.“
1174 2789 1275 2867 Porro
1292 2811 1370 2853 sane

323 2885 441 2949 malum
463 2897 547 2951 esset
569 2888 709 2950 omnium
730 2908 834 2971 paene
856 2888 1047 2970 maximum,
1081 2889 1109 2951 si
1130 2886 1229 2951 arbor
1250 2887 1369 2951 cadens

324 2984 489 3070 frangeret
517 2988 633 3069 omnim
661 2987 738 3049 satis
765 2985 885 3049 habeat
911 2987 1002 3051 triste
1028 2985 1107 3050 illud
1127 2987 1250 3072 lignum
1271 2987 1370 3070 obvia,

323 3085 344 3147 i.
361 3106 388 3148 e.
412 3086 480 3148 eius
501 3086 634 3171 impetui
656 3085 817 3150 substrata
840 3086 1049 3149 concussisse.
1077 3084 1117 3147 In
1138 3086 1318 3148 Hermanni
1339 3094 1372 3149 et

323 3183 527 3247 Lachmanni
548 3186 739 3249 coniecturis
762 3184 841 3248 nihil
863 3184 1012 3270 equidem
1033 3183 1153 3268 habeo,
1181 3183 1269 3270 quod
1289 3185 1371 3248 vitu-

323 3304 446 3367 perem,
474 3285 536 3346 nisi
563 3283 650 3369 quod
676 3284 731 3347 illa
756 3285 839 3348 iusto
865 3284 992 3369 longius
1014 3305 1034 3347 a
1056 3283 1205 3347 codicum
1225 3284 1370 3369 vestigiis

323 3380 456 3444 recedat
483 3391 514 3444 et
540 3380 602 3444 hac
628 3381 725 3445 multo
747 3383 852 3446 minus
874 3384 1001 3468 poetica
1024 3383 1077 3466 sit,
1106 3392 1242 3468 utraque
1264 3393 1370 3447 autem

323 3477 501 3563 pleonasmi
516 3480 593 3542 vitio
608 3479 756 3548 laborare
770 3480 929 3545 videatur.
954 3482 1074 3545 Annon
1087 3480 1211 3545 verbis:
1230 3503 1312 3564 „qua
1326 3494 1372 3545 eet

323 3577 481 3662 impetes“,
496 3577 755 3666 „qaofuaditar“
766 3589 797 3643 et
808 3579 898 3643 obvia
908 3602 960 3643 res
970 3602 1084 3665 prosus
1096 3579 1211 3643 eadem
1222 3580 1370 3664 designa-

323 3678 398 3740 tur?
428 3676 524 3756 Quod
546 3700 740 3764 quamquam
762 3689 890 3742 servata
911 3679 1046 3744 aliorum
1068 3679 1216 3744 codicum
1232 3679 1368 3741 lectione

324 3777 427 3839 omnia
449 3778 635 3862 evitaretur,
658 3790 764 3842 tamen
786 3778 906 3842 inesset
927 3780 1037 3843 nescio
1060 3778 1137 3865 quid
1157 3774 1302 3863 languidi
1323 3776 1368 3837 in-

325 3877 447 3960 eptivc,
475 3899 572 3962 quum
599 3877 702 3941 videri
726 3888 835 3962 posset
856 3888 952 3963 poeta
973 3878 1026 3941 illo
1048 3876 1207 3942 vocabulo
1228 3874 1368 3941 voluisse

326 3994 451 4058 cavero,
473 3998 514 4039 nc
531 3977 601 4061 quis
619 3976 671 4040 vel
685 3978 770 4062 parti
787 3998 897 4041 earum
912 4000 1026 4060 rerum,
1049 3997 1132 4062 quae
1149 3975 1275 4040 arboris
1291 3975 1370 4038 ictui

326 4074 491 4154 expositae
518 4085 639 4158 essent,
666 4097 797 4159 parsum
824 4098 894 4141 esse
922 4076 975 4141 vel
1001 4076 1098 4139 etiam
1118 4097 1170 4140 res
1193 4076 1283 4141 casui
1303 4096 1369 4140 uon
