3392 4959
737 515 937 614 „ng-

311 732 332 796 1.
354 731 375 795 l.
403 730 516 795 addita
543 729 659 796 verba:
687 739 720 796 et
741 733 776 796 ia
800 736 927 815 plurimis
947 731 1102 796 iuvenitur
1121 729 1185 794 aito
1204 728 1358 812 duaco,

312 829 370 895 ubi
398 828 570 895 subaudire
597 829 676 893 mihi
704 831 832 896 videor:
866 849 1051 915 quamquam
1075 851 1136 893 nou
1161 829 1198 892 iu
1222 834 1357 895 ensibus.

313 928 357 993 Et
371 928 515 1014 profecto
531 928 611 993 mihi
628 930 810 1015 exemplum
826 940 939 995 notum
951 951 1021 994 -non
1037 938 1099 1013 est,
1122 950 1185 1015 quo
1202 926 1281 991 illud
1298 928 1359 992 dis

312 1028 433 1091 crimen
453 1027 608 1092 violatum
630 1028 684 1111 sit3
708 1049 916 1114 quamquam,
938 1030 967 1093 si
987 1037 1076 1092 recte
1096 1026 1241 1091 intellexi
1261 1027 1359 1092 Nonii

311 1125 581 1209 additamentum,
610 1125 690 1188 nihil
717 1126 838 1209 obstat,
867 1128 1037 1214 quominus
1064 1125 1224 1191 Catullum
1249 1136 1358 1190 nostro

310 1224 382 1289 loco
409 1227 444 1289 vi
470 1224 611 1310 quadam
637 1222 788 1289 vocabuli
814 1224 1032 1289 reconditiore
1059 1224 1253 1290 delectatum
1278 1247 1358 1309 esse,

194 1372 196 1375 >
311 1333 408 1408 atque
435 1333 567 1410 propter
590 1323 669 1388 talia
694 1324 865 1409 imprimis,
892 1332 958 1389 non
978 1335 1110 1412 propter
1130 1325 1240 1387 nescio
1263 1346 1359 1409 quam

311 1423 523 1486 imitationem
555 1420 769 1508 Graecorum,
807 1445 926 1488 nomen
962 1423 1041 1488 illud
1078 1422 1164 1486 docti
1192 1424 1358 1507 accepisse

312 1529 497 1586 statuamus.
539 1522 653 1608 Neque
679 1523 885 1608 perspicitur,
917 1522 1077 1610 quomodo
1094 1523 1255 1608 frapraua
1280 1520 1360 1585 illud

311 1618 532 1705 planissimum
558 1621 586 1684 si
611 1641 632 1683 a
653 1619 779 1685 Catullo
803 1621 985 1707 profectum
1005 1629 1104 1704 esset,
1132 1642 1172 1685 ec
1195 1641 1359 1684 sensura

311 1719 389 1782 riori
411 1739 464 1801 ac,
491 1720 519 1782 si
540 1716 617 1804 quid
639 1740 792 1805 auguror,
818 1719 958 1785 librariis
979 1741 1021 1784 ne
1043 1718 1206 1783 intellecto
1229 1718 1360 1803 quidem

300 1816 450 1903 flapruua
476 1817 582 1881 locum
603 1816 721 1881 cedere
742 1817 904 1902 debuerit,
933 1842 1031 1907 quum
1052 1818 1214 1883 contrarie
1234 1817 1359 1881 ratione

309 1914 390 1978 nihil
412 1916 453 1979 sit
473 1914 682 2002 frequentius.

392 2013 537 2079 Alteram
557 2036 636 2079 vero
658 2016 955 2103 interpretationem
974 2016 1151 2103 quandam,
1174 2036 1272 2101 quam
1287 2016 1359 2101 quis

310 2112 448 2176 forsitan
468 2123 571 2178 motus
591 2113 664 2178 loco
687 2115 755 2179 Cic.
774 2116 808 2180 ·V
809 2138 871 2179 err.
892 2115 941 2199 Π,
963 2116 998 2200 2,
1021 2117 1086 2180 ta:
1112 2114 1288 2200 Fluprubat
1308 2114 1360 2177 do

310 2234 379 2275 moe
400 2210 503 2275 studio
523 2224 552 2274 et
572 2211 741 2297 cupiditate
762 2213 931 2294 menum,
954 2223 1085 2278 auctore
1105 2211 1302 2277 Forcellinio
1323 2213 1359 2276 in

310 2309 394 2389 Lex.
423 2333 448 2374 s.
474 2332 507 2374 v.
533 2310 688 2396 itaquae
713 2313 931 2398 proposuerit,
962 2333 1030 2376 non
1054 2310 1272 2398 probaverim.
1325 2311 1360 2376 Is

311 2410 399 2473 enim
425 2407 593 2473 Ciceronis
624 2408 704 2473 illud
730 2408 914 2495 exemplum
939 2409 1028 2474 hisce
1055 2409 1211 2495 explicat:
1261 2409 1361 2474 Plena

310 2520 380 2571 erat
399 2508 585 2589 hominum,
611 2508 646 2571 ia
667 2508 778 2593 quidus
799 2521 878 2572 esset
898 2509 1035 2573 studium
1056 2522 1085 2573 et
1105 2507 1276 2594 cupiditas,
1305 2507 1360 2573 ad-

312 2605 393 2671 dens
420 2606 555 2671 similem
582 2629 652 2671 esse
678 2607 766 2693 apud
792 2618 906 2694 poetas
932 2631 1025 2673 usum
1052 2608 1146 2673 verbi
1161 2610 1291 2695 fervere
1318 2606 1360 2671 de

311 2706 405 2790 locis,
436 2707 471 2770 in
504 2726 588 2792 quae
618 2704 764 2770 homines
792 2706 934 2774 studiose
959 2707 1206 2794 frequentesque
1233 2716 1359 2771 coeant.

311 2805 367 2869 Ex
395 2826 458 2891 quo
485 2804 574 2892 apud
602 2804 763 2870 Catudlum
790 2817 875 2871 esset
902 2804 1008 2872 cubile
1034 2808 1128 2871 sertis
1154 2816 1253 2892 atque
1274 2805 1359 2869 olivo

310 2904 453 2989 flagrans
478 2903 514 2969 id
540 2902 627 2990 quod
653 2906 746 2969 sertis
772 2915 870 2992 atque
897 2906 983 2971 olivo
1008 2904 1154 2991 plenum,
1183 2904 1358 2991 perfusum.

311 3002 379 3067 Sed
413 3005 593 3068 accuratius
628 3004 811 3090 inspicienti
844 3002 889 3069 ab
925 3003 1089 3089 omnibus,
1125 3026 1208 3090 quae
1239 3003 1359 3086 laudat,

311 3101 468 3186 exemplis
499 3103 663 3166 notionem
695 3101 879 3186 complendi
907 3123 1005 3186 quam
1028 3100 1217 3185 longissime
1243 3099 1360 3163 abesse

311 3201 496 3284 optimeque
521 3197 578 3261 illa
603 3198 740 3283 intelligi
759 3219 856 3283 posse
876 3200 1007 3284 poetica
1026 3199 1178 3285 propriae
1199 3198 1359 3283 significa

312 3298 408 3362 tionis
428 3295 651 3381 translatione,
672 3295 768 3362 facile
790 3296 970 3383 apparebit.

678 3746 737 3844 u,
766 3746 825 3844 u,
858 3745 916 3843 u,
946 3745 998 3823 u.

396 3896 449 3960 De
474 3894 525 3960 his
551 3891 700 3960 versibus
722 3903 852 3959 exstant
871 3894 912 3958 V.
934 3893 976 3957 D.
1002 3900 1051 3957 tot
1077 3891 1296 3976 coniecturae,
1323 3901 1360 3957 ut

314 3992 368 4059 vel
394 4013 450 4057 eas
476 3992 687 4060 enumerandi
713 4014 832 4082 operae
852 4014 958 4081 paene
978 4014 1030 4056 me
1050 3992 1191 4057 taedeat
1235 3990 1303 4057 Sed
1323 4001 1360 4059 ut

314 4094 454 4182 primum
475 4092 516 4157 de
537 4093 632 4160 codd.
653 4116 728 4163 mss.
751 4092 934 4178 videamus,
962 4092 1057 4160 Statii
1084 4114 1195 4160 omnes
1220 4090 1357 4160 habent:
