3392 4959
826 500 871 571 42

326 700 412 787 quod
438 710 603 787 receptum
629 709 676 763 cst
700 700 735 763 in
755 699 830 764 Ald.
853 700 879 766 Ι.
902 709 935 764 et
955 697 1054 763 Basil.
1079 699 1169 763 1530.
1212 700 1372 766 Muretus:

323 801 497 865 nemeina
518 801 588 882 r'lla3
617 798 778 884 Scaliger:
805 800 858 863 At
878 821 938 880 arc,
960 823 1002 863 aa
1022 798 1094 880 illa,
1122 798 1210 885 quod
1232 800 1375 886 explicat

324 923 396 986 per:
421 905 524 984 οἴμοι,
546 899 642 962 totius
666 899 816 962 carminis
838 899 944 963 tenori
964 921 1080 986 parum
1101 909 1184 983 apte.
1222 900 1372 963 Vossius:

323 1000 388 1062 Aa
403 1023 490 1080 sana,
513 1007 704 1061 structuram
722 995 884 1061 Graecam
903 1008 1055 1082 statuens,
1077 997 1179 1084 qualis
1202 1008 1250 1062 est
1272 1020 1372 1063 carm.

321 1098 377 1182 IV,
399 1098 429 1160 2.
457 1096 520 1160 Ed.
542 1096 639 1182 Reg.:
666 1097 763 1185 Aquae
785 1098 918 1181 anilla,
945 1097 1034 1161 Via:
1062 1097 1093 1160 A
1119 1120 1166 1160 me
1187 1121 1242 1181 aa,
1269 1098 1374 1182 Brix.,

324 1194 438 1260 Guara
461 1196 510 1258 Ac
530 1219 577 1259 me
598 1221 652 1281 aa,
675 1198 849 1283 Doeringa
873 1198 962 1261 Anne
983 1220 1063 1260 satra
1083 1198 1143 1261 illa
1164 1195 1292 1282 (contra
1309 1219 1375 1261 me-

321 1294 430 1379 trum),
452 1294 614 1359 Ncbbius:
638 1296 691 1359 An
706 1320 786 1360 sana
802 1297 874 1380 illm
898 1296 1015 1382 salig„
1038 1318 1232 1382 quamquam
1252 1319 1372 1361 nomen

324 1405 510 1481 corruptum
532 1417 603 1458 esse
623 1405 728 1482 putat,
754 1394 905 1479 Lachm.‚
932 1395 1068 1483 Haupt,
1095 1395 1227 1481 Rossb.‚
1254 1396 1375 1462 Froeh-

323 1516 420 1567 uerus
452 1496 487 1557 in
518 1494 601 1558 Mus.
633 1494 736 1558 Rhen.
764 1494 923 1580 X111,p.
952 1495 1037 1559 ma:
1066 1495 1221 1578 Amicam
1254 1496 1373 1581 Heys.:

324 1594 463 1657 Ameana
477 1594 543 1658 illa
571 1592 776 1658 Froehnerus
798 1616 918 1657 nomen
937 1593 1104 1658 Ameanae
1126 1596 1286 1680 scriptura
1301 1589 1375 1659 'tan-

327 1704 394 1757 tum
415 1691 457 1756 ab
481 1714 519 1757 eo
542 1692 671 1757 differre
692 1704 873 1778 asseverat,
902 1692 990 1781 quod
1017 1694 1058 1758 sit
1078 1694 1259 1778 Ameana,
1287 1692 1375 1780 quod

260 1792 262 1796 ’
326 1805 521 1878 quamquam
547 1804 737 1878 argumento
764 1815 830 1857 nen
853 1815 950 1879 egere
973 1792 1065 1876 dicit,
1093 1804 1201 1856 tamen
1224 1792 1375 1877 etpridem

325 1890 442 1980 uellem
465 1891 722 1956 demonstrasset.
758 1891 839 1955 Mihi
862 1901 949 1955 certe
970 1900 1135 1977 praestare
1157 1890 1286 1954 videtur
1304 1892 1375 1954 noti

240 2039 245 2048 ,
326 1990 424 2052 scorti
455 2011 573 2053 nomen
604 1990 639 2053 in
669 1989 843 2054 verborum
870 2000 1055 2055 contextum
1082 1989 1243 2074 recipere,
1276 2010 1376 2075 quam

324 2088 434 2152 nescio
461 2111 541 2175 quas
567 2088 702 2172 Aemate,
730 2087 783 2152 vel
808 2088 985 2173 Amoenas‚
1013 2088 1066 2153 vel
1092 2087 1257 2153 Ameanas
1286 2089 1375 2153 effin-

326 2209 418 2274 gere,
448 2210 583 2274 quarum
610 2199 825 2252 extremarum
852 2189 983 2252 nomina
1009 2186 1096 2250 haud
1123 2187 1190 2252 scio
1218 2210 1261 2251 an
1286 2212 1393 2253 num--

326 2309 424 2373 quam
449 2287 576 2351 Latinis
609 2286 740 2351 auribus
773 2286 885 2350 audita
910 2287 983 2351 sint.
1031 2286 1140 2366 Quare
1166 2298 1276 2351 nostro
1302 2288 1375 2351 loco

325 2409 384 2473 pro
411 2386 553 2451 Ameana
584 2377 791 2451 scribendum
823 2407 894 2449 esse
920 2384 1060 2449 arbitrer
1085 2385 1245 2472 Acyllam,
1279 2408 1375 2472 quam

325 2487 528 2551 meretricem
550 2485 694 2550 Catullus
717 2486 814 2549 etiam
837 2507 934 2549 carm.
955 2483 1026 2549 ΟΧ.
1051 2484 1097 2570 (et
1114 2484 1219 2571 CXI.)
1240 2486 1376 2550 insecta-

326 2592 391 2667 tur,
425 2584 511 2670 quod
542 2586 646 2671 pretio
674 2594 808 2670 accepte
835 2585 941 2670 ipsum
967 2584 1104 2649 eluserit.
1153 2584 1267 2671 Neque
1293 2584 1376 2648 haec

327 2684 511 2747 coniectura
546 2684 641 2746 nimis
677 2704 697 2745 a
734 2682 883 2747 codicum
917 2683 1065 2769 vestigiis
1101 2683 1238 2768 recedit,
1276 2706 1376 2769 quum

326 2791 456 2868 praeter
476 2782 614 2869 primam
637 2792 669 2845 et
691 2780 771 2845 duas
793 2791 971 2868 postremas
988 2782 1119 2867 litteras,
1141 2804 1224 2869 quae
1241 2781 1375 2847 eaedem

327 2890 414 2964 sunt,
450 2882 484 2945 in
519 2880 649 2968 reliquis
683 2882 811 2968 apicum
842 2903 993 2946 numerus
1025 2893 1176 2946 accurate
1208 2892 1375 2967 congruat.

327 2980 466 3044 Accedit
488 2980 588 3067 quod,
616 2982 643 3045 si
669 2981 752 3045 felte
778 3002 958 3067 pronomen
979 2983 1037 3046 illa
1057 2984 1091 3045 in
1113 2982 1253 3067 antiquis
1273 2979 1376 3063 libris,

326 3080 414 3145 velut
437 3080 608 3167 Scaligeri,
635 3082 707 3165 fuit,
734 3079 768 3144 id
797 3103 923 3168 quoque
950 3081 1111 3167 quomode
1138 3103 1181 3145 ex
1201 3089 1312 3145 nostra
1332 3078 1377 3143 le-

327 3182 432 3245 ctione
455 3183 531 3245 oriri
552 3182 703 3268 potuerit,
725 3180 820 3244 facile
842 3179 1039 3266 intelligitur.

703 3412 1002 3432 m

778 3627 864 3723 xu,
894 3577 927 3707 a

410 3776 506 3839 Hanc
533 3777 624 3863 quasi
650 3776 869 3862 prolusionem
895 3778 1052 3842 voluimus
1074 3801 1144 3843 esse
1167 3777 1211 3842 ad
1232 3774 1377 3842 eiusdem

328 3877 479 3939 carminis
502 3876 742 3941 emendandum
763 3900 794 3941 v.
818 3877 862 3959 8.,
890 3900 952 3963 quo
979 3879 1037 3941 vix
1058 3879 1226 3964 quisquam
1252 3878 1378 3942 intuto

328 3974 452 4040 Catullo
475 3975 594 4039 criticis
616 3977 720 4062 magis
743 3977 961 4041 conclamatus
984 3987 1040 4041 est.
1078 3977 1117 4041 V.
1141 3975 1379 4065 1119111111-

326 4071 404 4162 bent
425 4096 536 4138 omnes
559 4074 654 4138 Statii
676 4087 708 4140 et
729 4076 931 4140 Lachmanni
951 4076 999 4160 D,
1021 4090 1126 4162 roqctc
1146 4078 1275 4165 reliqui3
1297 4100 1329 4141 v.
1345 4075 1377 4142 8.
