3392 4959
824 498 978 610 n,

323 718 509 784 coniectura
531 726 587 780 est.
629 714 710 779 Mihi
731 714 862 779 videtur
881 715 1002 801 potius,
1024 723 1060 777 ut
1081 714 1185 778 amico
1208 716 1293 799 grati
1314 716 1372 780 ali-

323 817 401 903 quid
423 816 601 901 urbanique
624 814 760 898 diceret,
783 816 880 878 trium
899 813 1025 877 illarum
1044 811 1228 877 chartarum
1247 816 1370 879 mentio

322 917 442 980 iniecta
471 937 549 979 esse.
594 913 682 994 Quid
714 913 802 999 quod
822 915 924 1000 ipsius
944 922 1061 999 poetae
1083 912 1185 976 verba
1205 927 1238 976 tu
1259 918 1372 979 solebas

319 1029 432 1100 putere
458 1024 569 1101 aperte
597 1012 716 1076 docent
742 1012 785 1077 ad
812 1012 947 1098 Nepotis
975 1013 1181 1094 sententiam,
1211 1034 1308 1097 quam
1337 1022 1371 1076 et

322 1136 450 1200 semper
470 1112 619 1177 habuerit
641 1122 673 1175 et
695 1133 792 1198 saepe
813 1110 978 1198 professus
1000 1112 1054 1194 sit,
1080 1112 1213 1196 respici,
1239 1133 1305 1175 non
1327 1111 1370 1175 ad

322 1236 421 1277 unum
449 1210 580 1297 aliquod
607 1211 750 1275 dictum?
793 1211 895 1274 Porro
922 1209 1006 1273 male
1034 1231 1087 1272 me
1108 1208 1220 1294 habet,
1248 1212 1275 1274 si
1297 1220 1396 1274 con·'

323 1313 480 1375 iacturam
511 1309 598 1373 illam
632 1310 820 1396 probemus,
855 1307 995 1395 abrupta
1027 1308 1185 1394 quaedam
1218 1332 1370 1374 versuum

239 1427 244 1434 ·
323 1410 505 1473 coniunctio
532 1408 776 1496 neglectusque,
804 1410 831 1473 si
859 1408 937 1494 quid
963 1406 1074 1493 video,
1101 1431 1178 1471 usus
1201 1410 1367 1472 sermonis.

323 1509 436 1594 Neque
464 1510 549 1572 enim
576 1510 683 1595 capio,
712 1507 872 1594 quomodo
895 1506 1065 1572 Cornelius
1092 1516 1167 1594 apte
1197 1529 1218 1571 a
1239 1506 1369 1571 Catullo

320 1611 481 1694 patronus,
504 1606 590 1693 quod
611 1609 730 1671 nimiae
750 1617 834 1671 esset
855 1606 1058 1690 adulationis,
1079 1628 1185 1692 neque
1206 1606 1370 1691 quomodo

322 1706 523 1794 praedicatio
550 1707 613 1770 ista
632 1707 758 1770 uerbum
781 1706 846 1770 dici
866 1708 982 1792 possit,
1011 1727 1205 1792 quamquam
1232 1705 1371 1769 eandem

323 1808 516 1870 sententiam
530 1805 710 1891 Bergkium
731 1805 827 1871 video
848 1807 1056 1891 proposuisse
1076 1805 1111 1869 in
1129 1804 1281 1870 Leutsch.
1298 1804 1374 1868 Phi-

322 1904 374 1970 lol.
397 1905 476 1988 XII,
499 1928 530 1990 p.
553 1904 624 1969 581.
648 1907 694 1969 sic
716 1906 956 1969 conficientem:

475 2005 577 2082 Quare
597 2005 674 2068 tube
694 2005 754 2069 tubi
772 2002 926 2088 quidquid
944 2004 1000 2067 ltoe
1022 2005 1121 2069 utut

476 2103 689 2187 Quaecunque
711 2102 833 2186 quidem
853 2116 911 2184 est,
930 2105 1063 2188 patroni
1080 2116 1115 2167 ut
1135 2125 1221 2189 erqo,

324 2222 407 2286 quae
436 2201 596 2287 quomodo
623 2201 759 2286 intelligi
780 2201 892 2285 vellet,
918 2203 983 2265 nisi
1004 2202 1195 2287 indicasset,
1222 2203 1281 2266 vix
1301 2224 1374 2287 per-

325 2300 513 2386 spexissem.
550 2299 724 2385 Simileque
745 2298 897 2364 Handius
918 2311 1133 2386 proposuerat
1154 2301 1288 2381 Quaest.
1312 2300 1375 2365 Ca-

324 2398 391 2464 tull.
412 2422 444 2485 p.
467 2398 512 2462 4.:

478 2498 580 2575 Quare
599 2498 676 2562 tabe
696 2498 756 2561 uti
774 2497 929 2583 quidquid
947 2498 1003 2562 ltoe
1024 2498 1130 2563 tutelli.

477 2597 698 2681 Quadorumque
719 2596 854 2682 quidem,
873 2610 1019 2682 patrone,
1037 2620 1097 2683 per
1117 2611 1154 2661 te.

325 2696 390 2776 Qui
418 2695 505 2782 quod
532 2696 708 2762 arbitratur
730 2711 867 2781 patrona
891 2698 978 2783 uirgo
1005 2698 1076 2761 sine
1103 2696 1215 2761 addito
1241 2698 1375 2761 nomine

325 2794 378 2860 vel
404 2796 545 2881 quodam
571 2795 725 2860 attributo
752 2818 836 2882 quae
864 2797 918 2879 sit,
946 2796 1176 2882 intelliginon
1201 2818 1311 2882 posse,
1338 2795 1374 2859 id
1392 2777 1406 2804 ⁰

325 2917 519 2981 quamquam
544 2897 580 2960 in
605 2896 791 2960 universum
818 2916 931 2959 verum
953 2904 1015 2979 est,
1043 2904 1154 2959 tamen
1175 2917 1304 2979 vereor,
1330 2918 1375 2958 ne

324 2996 359 3059 in
380 3004 525 3059 nostrum
546 2995 653 3059 locum
673 3016 739 3058 non
762 2996 944 3059 conveniat.
985 2993 1105 3079 Agitur
1127 2994 1169 3057 de
1191 2995 1318 3078 virgine
1339 2994 1374 3057 li-

325 3092 402 3157 belli
421 3105 573 3179 patrona,
597 3095 686 3157 cuius
708 3114 827 3157 nomen
849 3115 948 3178 quum
968 3114 1035 3155 non
1054 3094 1095 3155 sit
1112 3090 1272 3174 additum,
1295 3091 1376 3177 quid

326 3191 415 3254 aliud
436 3213 532 3276 quam
554 3192 732 3275 cogitemus
755 3190 796 3252 de
817 3212 857 3252 ea
873 3200 1012 3275 patrona
1026 3191 1153 3275 virgine
1160 3239 1168 3273 ,
1192 3191 1283 3254 cuius
1304 3192 1374 3255 κατ’

326 3288 444 3373 ἔξοχ’ήν
471 3290 512 3352 sit
538 3288 628 3353 libris
653 3289 864 3375 patrocinari,
891 3290 911 3353 i.
935 3312 961 3353 e.
986 3289 1027 3353 de
1047 3290 1219 3355 Minerva?
1262 3290 1376 3354 Recte
1408 3287 1416 3304 ‘

327 3410 389 3474 que
416 3389 481 3451 iam
508 3387 630 3452 dudum
656 3387 802 3474 Scaliger
829 3388 1020 3453 observasse
1046 3389 1124 3453 mihi
1145 3387 1289 3473 videtur,
1315 3390 1376 3453 Mi·

326 3510 461 3553 nervam
483 3510 521 3552 eo
542 3489 672 3552 nomine
693 3497 864 3573 patronam
883 3487 1039 3553 librorum
1058 3489 1178 3573 vocari,
1201 3487 1289 3574 quod
1306 3489 1375 3554 eius

327 3592 476 3675 προτομή
497 3590 517 3652 1.
534 3610 562 3653 0.
585 3587 791 3651 simulacrum
809 3598 942 3674 pectore
957 3597 1052 3652 tenus
1069 3588 1212 3652 effictum
1226 3589 1260 3650 in
1277 3588 1376 3651 omni-

324 3686 387 3753 bus
419 3688 624 3753 bibliothecis
658 3685 809 3750 dedicata
836 3687 947 3769 fuerit3
989 3685 1034 3750 ad
1065 3685 1153 3771 quod
1186 3686 1376 3749 confirman-

327 3787 404 3851 dum
430 3800 506 3875 apte
531 3785 678 3851 laudavit
704 3785 849 3850 Iuvenal.
878 3785 945 3849 Sat.
967 3784 1032 3868 HI,
1059 3783 1146 3849 ala:
1190 3785 1254 3849 Hie
1280 3785 1376 3849 lubeca

329 3884 415 3950 dubit
436 3901 464 3951 et
473 3888 607 3974 forulos
624 3885 815 3969 audiamque
834 3885 1018 3950 Mineruam.
1051 3883 1166 3970 Itaque
1184 3906 1251 3949 11011
1266 3886 1376 3948 imme-

217 3985 226 4004 “
328 3984 390 4050 rito
412 4006 434 4047 a
452 3997 550 4070 poeta
569 3988 683 4072 optari,
704 3983 823 4049 librum
842 3984 915 4071 plus
930 4006 996 4049 uno
1014 3983 1121 4048 saeclo
1138 3986 1257 4068 vivere,
1280 4006 1375 4070 quem

328 4082 479 4151 Minerva
494 4085 529 4148 in
542 4084 758 4152 bibliothecas
773 4085 944 4172 receperit.
972 4084 1118 4171 Virginis
1133 4093 1242 4150 autem
1256 4105 1376 4149 nomen
