<?xml version="1.0" encoding="UTF-8"?>
<!DOCTYPE html PUBLIC "-//W3C//DTD XHTML 1.0 Transitional//EN"
    "http://www.w3.org/TR/xhtml1/DTD/xhtml1-transitional.dtd">
<html xmlns="http://www.w3.org/1999/xhtml" xml:lang="en" lang="en">
 <head>
  <title>
</title>
<meta http-equiv="Content-Type" content="text/html;charset=utf-8" />
  <meta name='ocr-system' content='tesseract 3.04.00' />
  <meta name='ocr-capabilities' content='ocr_page ocr_carea ocr_par ocr_line ocrx_word'/>
</head>
<body>
  <div class='ocr_page' id='page_1' title='image "./lectionumcatull00pohlgoog_0026.png"; bbox 0 0 3392 4959; ppageno 0'>
   <div class='ocr_carea' id='block_1_1' title="bbox 315 489 1427 3742">
    <p class='ocr_par' dir='ltr' id='par_1_1' title="bbox 315 489 1427 3742">
     <span class='ocr_line' id='line_1_1' title="bbox 826 489 869 563; baseline 0.023 -1"><span class='ocrx_word' id='word_1_1' title='bbox 826 489 869 563; x_wconf 81' lang='lat' dir='ltr'>&#39;lt</span> 
     </span>
     <span class='ocr_line' id='line_1_2' title="bbox 322 703 1369 793; baseline 0.002 -23"><span class='ocrx_word' id='word_1_2' title='bbox 322 716 435 792; x_wconf 80' lang='lat' dir='ltr'>getam</span> <span class='ocrx_word' id='word_1_3' title='bbox 464 714 642 793; x_wconf 87' lang='lat' dir='ltr'>sequuntur</span> <span class='ocrx_word' id='word_1_4' title='bbox 668 706 770 788; x_wconf 84' lang='lat' dir='ltr'>(credo</span> <span class='ocrx_word' id='word_1_5' title='bbox 790 720 825 770; x_wconf 84' lang='lat' dir='ltr'>at</span> <span class='ocrx_word' id='word_1_6' title='bbox 845 730 913 770; x_wconf 85' lang='lat' dir='ltr'>cam</span> <span class='ocrx_word' id='word_1_7' title='bbox 930 708 1040 793; x_wconf 61' lang='lat' dir='ltr'>pravae</span> <span class='ocrx_word' id='word_1_8' title='bbox 1060 706 1230 793; x_wconf 73' lang='lat' dir='ltr'><strong><em>acquiescet</em></strong></span> <span class='ocrx_word' id='word_1_9' title='bbox 1251 703 1369 789; x_wconf 80' lang='lat' dir='ltr'>ardor).</span> 
     </span>
     <span class='ocr_line' id='line_1_3' title="bbox 324 805 1371 894; baseline 0.002 -25"><span class='ocrx_word' id='word_1_10' title='bbox 324 807 378 869; x_wconf 86' lang='lat' dir='ltr'>Ex</span> <span class='ocrx_word' id='word_1_11' title='bbox 399 805 448 869; x_wconf 85' lang='lat' dir='ltr'>his</span> <span class='ocrx_word' id='word_1_12' title='bbox 471 806 648 869; x_wconf 87' lang='lat' dir='ltr'>effecerunt</span> <span class='ocrx_word' id='word_1_13' title='bbox 663 806 703 871; x_wconf 89' lang='lat' dir='ltr'>V.</span> <span class='ocrx_word' id='word_1_14' title='bbox 720 807 763 869; x_wconf 92' lang='lat' dir='ltr'>D.</span> <span class='ocrx_word' id='word_1_15' title='bbox 788 808 1004 891; x_wconf 83' lang='lat' dir='ltr'>coniecturas,</span> <span class='ocrx_word' id='word_1_16' title='bbox 1027 807 1116 894; x_wconf 91' lang='lat' dir='ltr'>quod</span> <span class='ocrx_word' id='word_1_17' title='bbox 1137 806 1245 871; x_wconf 83' lang='lat' dir='ltr'>dicere</span> <span class='ocrx_word' id='word_1_18' title='bbox 1267 829 1371 894; x_wconf 89' lang='lat' dir='ltr'>paene</span> 
     </span>
     <span class='ocr_line' id='line_1_4' title="bbox 324 904 1373 991; baseline 0.002 -23"><span class='ocrx_word' id='word_1_19' title='bbox 324 905 437 991; x_wconf 88' lang='lat' dir='ltr'>pudet,</span> <span class='ocrx_word' id='word_1_20' title='bbox 459 904 531 990; x_wconf 86' lang='lat' dir='ltr'>plus</span> <span class='ocrx_word' id='word_1_21' title='bbox 553 906 684 989; x_wconf 80' lang='lat' dir='ltr'>viginti3</span> <span class='ocrx_word' id='word_1_22' title='bbox 708 926 787 990; x_wconf 87' lang='lat' dir='ltr'>quas</span> <span class='ocrx_word' id='word_1_23' title='bbox 805 928 916 970; x_wconf 85' lang='lat' dir='ltr'>omnes</span> <span class='ocrx_word' id='word_1_24' title='bbox 932 928 1102 970; x_wconf 86' lang='lat' dir='ltr'>recensere</span> <span class='ocrx_word' id='word_1_25' title='bbox 1123 905 1177 971; x_wconf 86' lang='lat' dir='ltr'>vel</span> <span class='ocrx_word' id='word_1_26' title='bbox 1197 906 1280 970; x_wconf 88' lang='lat' dir='ltr'>adeo</span> <span class='ocrx_word' id='word_1_27' title='bbox 1299 930 1373 971; x_wconf 91' lang='lat' dir='ltr'>enu-</span> 
     </span>
     <span class='ocr_line' id='line_1_5' title="bbox 322 1004 1373 1091; baseline 0.004 -25"><span class='ocrx_word' id='word_1_28' title='bbox 322 1026 449 1067; x_wconf 87' lang='lat' dir='ltr'>merare</span> <span class='ocrx_word' id='word_1_29' title='bbox 472 1005 536 1068; x_wconf 90' lang='lat' dir='ltr'>otio</span> <span class='ocrx_word' id='word_1_30' title='bbox 559 1014 643 1068; x_wconf 82' lang='lat' dir='ltr'>esset</span> <span class='ocrx_word' id='word_1_31' title='bbox 660 1004 831 1069; x_wconf 85' lang='lat' dir='ltr'>abutentis.</span> <span class='ocrx_word' id='word_1_32' title='bbox 865 1005 1044 1070; x_wconf 76' lang='lat' dir='ltr'>Nonnullae</span> <span class='ocrx_word' id='word_1_33' title='bbox 1059 1016 1185 1070; x_wconf 85' lang='lat' dir='ltr'>tantum</span> <span class='ocrx_word' id='word_1_34' title='bbox 1201 1004 1373 1091; x_wconf 82' lang='lat' dir='ltr'>exhibebo,</span> 
     </span>
     <span class='ocr_line' id='line_1_6' title="bbox 322 1102 1374 1192; baseline 0.004 -27"><span class='ocrx_word' id='word_1_35' title='bbox 322 1126 368 1166; x_wconf 88' lang='lat' dir='ltr'>ex</span> <span class='ocrx_word' id='word_1_36' title='bbox 395 1102 511 1189; x_wconf 82' lang='lat' dir='ltr'>quibus</span> <span class='ocrx_word' id='word_1_37' title='bbox 539 1103 579 1167; x_wconf 91' lang='lat' dir='ltr'>de</span> <span class='ocrx_word' id='word_1_38' title='bbox 600 1104 731 1191; x_wconf 83' lang='lat' dir='ltr'>reliquis</span> <span class='ocrx_word' id='word_1_39' title='bbox 754 1104 908 1169; x_wconf 88' lang='lat' dir='ltr'>iudicium</span> <span class='ocrx_word' id='word_1_40' title='bbox 929 1105 999 1169; x_wconf 90' lang='lat' dir='ltr'>fieri</span> <span class='ocrx_word' id='word_1_41' title='bbox 1019 1107 1130 1192; x_wconf 82' lang='lat' dir='ltr'><strong>possit.</strong></span> <span class='ocrx_word' id='word_1_42' title='bbox 1173 1105 1318 1169; x_wconf 82' lang='lat' dir='ltr'>Muretus</span> <span class='ocrx_word' id='word_1_43' title='bbox 1340 1104 1374 1170; x_wconf 78' lang='lat' dir='ltr'>e&#39;t</span> 
     </span>
     <span class='ocr_line' id='line_1_7' title="bbox 322 1201 1374 1291; baseline 0.003 -26"><span class='ocrx_word' id='word_1_44' title='bbox 322 1201 448 1266; x_wconf 81' lang='lat' dir='ltr'><strong>Statius</strong></span> <span class='ocrx_word' id='word_1_45' title='bbox 471 1204 692 1268; x_wconf 88' lang='lat' dir='ltr'>coniecerunt:</span> <span class='ocrx_word' id='word_1_46' title='bbox 731 1202 844 1285; x_wconf 78' lang='lat' dir='ltr'>Credo,</span> <span class='ocrx_word' id='word_1_47' title='bbox 866 1218 901 1268; x_wconf 81' lang='lat' dir='ltr'>at</span> <span class='ocrx_word' id='word_1_48' title='bbox 920 1218 984 1267; x_wconf 83' lang='lat' dir='ltr'>tam</span> <span class='ocrx_word' id='word_1_49' title='bbox 1000 1206 1109 1291; x_wconf 66' lang='lat' dir='ltr'>praeci</span> <span class='ocrx_word' id='word_1_50' title='bbox 1130 1205 1304 1289; x_wconf 71' lang='lat' dir='ltr'><em>acquiescat</em></span> <span class='ocrx_word' id='word_1_51' title='bbox 1324 1228 1374 1268; x_wconf 68' lang='lat' dir='ltr'>ur</span> 
     </span>
     <span class='ocr_line' id='line_1_8' title="bbox 325 1300 1374 1390; baseline 0.001 -25"><span class='ocrx_word' id='word_1_52' title='bbox 325 1300 392 1386; x_wconf 80' lang='lat' dir='ltr'>dor,</span> <span class='ocrx_word' id='word_1_53' title='bbox 416 1302 503 1388; x_wconf 91' lang='lat' dir='ltr'>quod</span> <span class='ocrx_word' id='word_1_54' title='bbox 523 1302 702 1388; x_wconf 85' lang='lat' dir='ltr'><strong>probarunt</strong></span> <span class='ocrx_word' id='word_1_55' title='bbox 723 1303 882 1387; x_wconf 80' lang='lat' dir='ltr'>Handiua,</span> <span class='ocrx_word' id='word_1_56' title='bbox 904 1304 1111 1389; x_wconf 73' lang='lat' dir='ltr'>DoeringiuS,</span> <span class='ocrx_word' id='word_1_57' title='bbox 1133 1304 1291 1390; x_wconf 77' lang='lat' dir='ltr'>Heysius3</span> <span class='ocrx_word' id='word_1_58' title='bbox 1314 1303 1374 1368; x_wconf 82' lang='lat' dir='ltr'>sed</span> 
     </span>
     <span class='ocr_line' id='line_1_9' title="bbox 325 1400 1374 1489; baseline 0.003 -25"><span class='ocrx_word' id='word_1_59' title='bbox 325 1400 406 1464; x_wconf 89' lang='lat' dir='ltr'>illud</span> <span class='ocrx_word' id='word_1_60' title='bbox 433 1414 510 1482; x_wconf 84' lang='lat' dir='ltr'>tam,</span> <span class='ocrx_word' id='word_1_61' title='bbox 539 1401 627 1487; x_wconf 93' lang='lat' dir='ltr'>quod</span> <span class='ocrx_word' id='word_1_62' title='bbox 651 1403 698 1466; x_wconf 87' lang='lat' dir='ltr'>ita</span> <span class='ocrx_word' id='word_1_63' title='bbox 719 1401 899 1489; x_wconf 86' lang='lat' dir='ltr'>explicant:</span> <span class='ocrx_word' id='word_1_64' title='bbox 927 1404 1008 1467; x_wconf 71' lang='lat' dir='ltr'>iuter</span> <span class='ocrx_word' id='word_1_65' title='bbox 1027 1402 1205 1485; x_wconf 80' lang='lat' dir='ltr'>iocandum,</span> <span class='ocrx_word' id='word_1_66' title='bbox 1231 1402 1374 1488; x_wconf 83' lang='lat' dir='ltr'>languet,</span> 
     </span>
     <span class='ocr_line' id='line_1_10' title="bbox 326 1500 1373 1589; baseline 0.001 -25"><span class='ocrx_word' id='word_1_67' title='bbox 326 1502 354 1565; x_wconf 80' lang='lat' dir='ltr'>si</span> <span class='ocrx_word' id='word_1_68' title='bbox 380 1500 459 1586; x_wconf 90' lang='lat' dir='ltr'>quid</span> <span class='ocrx_word' id='word_1_69' title='bbox 485 1502 601 1583; x_wconf 73' lang='lat' dir='ltr'>scotie,</span> <span class='ocrx_word' id='word_1_70' title='bbox 630 1511 685 1566; x_wconf 83' lang='lat' dir='ltr'>aut</span> <span class='ocrx_word' id='word_1_71' title='bbox 713 1510 799 1565; x_wconf 88' lang='lat' dir='ltr'>certe</span> <span class='ocrx_word' id='word_1_72' title='bbox 826 1524 1103 1589; x_wconf 85' lang='lat' dir='ltr'>supervacaneum</span> <span class='ocrx_word' id='word_1_73' title='bbox 1129 1502 1213 1567; x_wconf 88' lang='lat' dir='ltr'>foret</span> <span class='ocrx_word' id='word_1_74' title='bbox 1239 1500 1373 1566; x_wconf 79' lang='lat' dir='ltr'>auribus</span> 
     </span>
     <span class='ocr_line' id='line_1_11' title="bbox 325 1600 1374 1689; baseline -0.001 -25"><span class='ocrx_word' id='word_1_75' title='bbox 325 1600 462 1664; x_wconf 81' lang='lat' dir='ltr'>Latinis.</span> <span class='ocrx_word' id='word_1_76' title='bbox 507 1600 587 1679; x_wconf 79' lang='lat' dir='ltr'>Quis</span> <span class='ocrx_word' id='word_1_77' title='bbox 613 1621 691 1665; x_wconf 89' lang='lat' dir='ltr'>vero</span> <span class='ocrx_word' id='word_1_78' title='bbox 714 1600 793 1664; x_wconf 94' lang='lat' dir='ltr'>illud</span> <span class='ocrx_word' id='word_1_79' title='bbox 815 1602 905 1665; x_wconf 80' lang='lat' dir='ltr'>credo</span> <span class='ocrx_word' id='word_1_80' title='bbox 927 1602 958 1666; x_wconf 91' lang='lat' dir='ltr'>h.</span> <span class='ocrx_word' id='word_1_81' title='bbox 980 1602 1001 1667; x_wconf 92' lang='lat' dir='ltr'>l.</span> <span class='ocrx_word' id='word_1_82' title='bbox 1023 1602 1109 1666; x_wconf 86' lang='lat' dir='ltr'>serre</span> <span class='ocrx_word' id='word_1_83' title='bbox 1129 1602 1260 1689; x_wconf 78' lang='lat' dir='ltr'>potest?</span> <span class='ocrx_word' id='word_1_84' title='bbox 1304 1600 1374 1665; x_wconf 87' lang='lat' dir='ltr'>Sin·</span> 
     </span>
     <span class='ocr_line' id='line_1_12' title="bbox 326 1698 1373 1787; baseline 0 -24"><span class='ocrx_word' id='word_1_85' title='bbox 326 1699 432 1785; x_wconf 84' lang='lat' dir='ltr'>gulari</span> <span class='ocrx_word' id='word_1_86' title='bbox 458 1699 589 1787; x_wconf 91' lang='lat' dir='ltr'>quidem</span> <span class='ocrx_word' id='word_1_87' title='bbox 611 1698 773 1785; x_wconf 83' lang='lat' dir='ltr'>elegantia</span> <span class='ocrx_word' id='word_1_88' title='bbox 794 1700 829 1764; x_wconf 90' lang='lat' dir='ltr'>id</span> <span class='ocrx_word' id='word_1_89' title='bbox 848 1724 915 1765; x_wconf 93' lang='lat' dir='ltr'>non</span> <span class='ocrx_word' id='word_1_90' title='bbox 937 1722 1048 1766; x_wconf 88' lang='lat' dir='ltr'>carere</span> <span class='ocrx_word' id='word_1_91' title='bbox 1070 1701 1149 1765; x_wconf 92' lang='lat' dir='ltr'>dicit</span> <span class='ocrx_word' id='word_1_92' title='bbox 1169 1699 1373 1785; x_wconf 85' lang='lat' dir='ltr'>Verburgius</span> 
     </span>
     <span class='ocr_line' id='line_1_13' title="bbox 327 1797 1374 1885; baseline -0.002 -23"><span class='ocrx_word' id='word_1_93' title='bbox 327 1809 359 1862; x_wconf 90' lang='lat' dir='ltr'>et</span> <span class='ocrx_word' id='word_1_94' title='bbox 381 1821 478 1885; x_wconf 84' lang='lat' dir='ltr'>saepe</span> <span class='ocrx_word' id='word_1_95' title='bbox 500 1801 546 1862; x_wconf 88' lang='lat' dir='ltr'>ita</span> <span class='ocrx_word' id='word_1_96' title='bbox 567 1797 713 1863; x_wconf 82' lang='lat' dir='ltr'>absolute</span> <span class='ocrx_word' id='word_1_97' title='bbox 736 1802 876 1863; x_wconf 86' lang='lat' dir='ltr'>sermoni</span> <span class='ocrx_word' id='word_1_98' title='bbox 897 1801 1001 1864; x_wconf 84' lang='lat' dir='ltr'>intexi</span> <span class='ocrx_word' id='word_1_99' title='bbox 1020 1799 1180 1863; x_wconf 83' lang='lat' dir='ltr'>familiari.</span> <span class='ocrx_word' id='word_1_100' title='bbox 1218 1798 1298 1877; x_wconf 80' lang='lat' dir='ltr'>Quia</span> <span class='ocrx_word' id='word_1_101' title='bbox 1319 1820 1374 1860; x_wconf 91' lang='lat' dir='ltr'>ne-</span> 
     </span>
     <span class='ocr_line' id='line_1_14' title="bbox 325 1895 1374 1982; baseline -0.001 -23"><span class='ocrx_word' id='word_1_102' title='bbox 325 1898 405 1982; x_wconf 80' lang='lat' dir='ltr'>gat?</span> <span class='ocrx_word' id='word_1_103' title='bbox 450 1896 516 1961; x_wconf 85' lang='lat' dir='ltr'>Sed</span> <span class='ocrx_word' id='word_1_104' title='bbox 541 1895 731 1980; x_wconf 86' lang='lat' dir='ltr'>videndum,</span> <span class='ocrx_word' id='word_1_105' title='bbox 758 1920 800 1960; x_wconf 91' lang='lat' dir='ltr'>ne</span> <span class='ocrx_word' id='word_1_106' title='bbox 826 1897 973 1961; x_wconf 83' lang='lat' dir='ltr'>omnibus</span> <span class='ocrx_word' id='word_1_107' title='bbox 995 1897 1063 1960; x_wconf 85' lang='lat' dir='ltr'>fere</span> <span class='ocrx_word' id='word_1_108' title='bbox 1084 1896 1164 1960; x_wconf 83' lang='lat' dir='ltr'>locis</span> <span class='ocrx_word' id='word_1_109' title='bbox 1186 1895 1276 1959; x_wconf 82' lang='lat' dir='ltr'>credo</span> <span class='ocrx_word' id='word_1_110' title='bbox 1299 1918 1374 1959; x_wconf 88' lang='lat' dir='ltr'>cum</span> 
     </span>
     <span class='ocr_line' id='line_1_15' title="bbox 323 1994 1374 2082; baseline -0.001 -23"><span class='ocrx_word' id='word_1_111' title='bbox 323 1996 430 2059; x_wconf 88' lang='lat' dir='ltr'>ironia</span> <span class='ocrx_word' id='word_1_112' title='bbox 457 1994 599 2078; x_wconf 88' lang='lat' dir='ltr'>dicatur,</span> <span class='ocrx_word' id='word_1_113' title='bbox 633 1996 721 2080; x_wconf 90' lang='lat' dir='ltr'>quod</span> <span class='ocrx_word' id='word_1_114' title='bbox 747 1997 846 2081; x_wconf 82' lang='lat' dir='ltr'>ipsius</span> <span class='ocrx_word' id='word_1_115' title='bbox 873 1996 1048 2081; x_wconf 87' lang='lat' dir='ltr'>Verburgii</span> <span class='ocrx_word' id='word_1_116' title='bbox 1075 1995 1225 2081; x_wconf 88' lang='lat' dir='ltr'>exempla</span> <span class='ocrx_word' id='word_1_117' title='bbox 1253 1996 1374 2082; x_wconf 91' lang='lat' dir='ltr'>optime</span> 
     </span>
     <span class='ocr_line' id='line_1_16' title="bbox 324 2093 1370 2180; baseline -0.001 -22"><span class='ocrx_word' id='word_1_118' title='bbox 324 2094 532 2178; x_wconf 71' lang='lat' dir='ltr'>confirmant,</span> <span class='ocrx_word' id='word_1_119' title='bbox 555 2093 595 2158; x_wconf 85' lang='lat' dir='ltr'>of.</span> <span class='ocrx_word' id='word_1_120' title='bbox 614 2093 729 2159; x_wconf 82' lang='lat' dir='ltr'>Catull.</span> <span class='ocrx_word' id='word_1_121' title='bbox 747 2094 934 2179; x_wconf 87' lang='lat' dir='ltr'>LXXXIV,</span> <span class='ocrx_word' id='word_1_122' title='bbox 956 2094 985 2159; x_wconf 82' lang='lat'>5.</span> <span class='ocrx_word' id='word_1_123' title='bbox 1018 2095 1070 2158; x_wconf 87' lang='lat' dir='ltr'>Ea</span> <span class='ocrx_word' id='word_1_124' title='bbox 1091 2104 1207 2178; x_wconf 87' lang='lat' dir='ltr'>autem,</span> <span class='ocrx_word' id='word_1_125' title='bbox 1229 2104 1264 2158; x_wconf 90' lang='lat' dir='ltr'>ut</span> <span class='ocrx_word' id='word_1_126' title='bbox 1287 2116 1370 2180; x_wconf 88' lang='lat' dir='ltr'>quae</span> 
     </span>
     <span class='ocr_line' id='line_1_17' title="bbox 326 2193 1373 2278; baseline -0.002 -20"><span class='ocrx_word' id='word_1_127' title='bbox 326 2196 475 2278; x_wconf 89' lang='lat' dir='ltr'>maxime,</span> <span class='ocrx_word' id='word_1_128' title='bbox 498 2216 518 2258; x_wconf 91' lang='lat' dir='ltr'>a</span> <span class='ocrx_word' id='word_1_129' title='bbox 539 2202 649 2258; x_wconf 80' lang='lat' dir='ltr'>nostro</span> <span class='ocrx_word' id='word_1_130' title='bbox 670 2193 741 2259; x_wconf 87' lang='lat' dir='ltr'>loco</span> <span class='ocrx_word' id='word_1_131' title='bbox 763 2194 870 2258; x_wconf 85' lang='lat' dir='ltr'>aliena</span> <span class='ocrx_word' id='word_1_132' title='bbox 892 2204 949 2259; x_wconf 83' lang='lat' dir='ltr'>est.</span> <span class='ocrx_word' id='word_1_133' title='bbox 982 2193 1174 2259; x_wconf 73' lang='lat' dir='ltr'>Huiusmodi</span> <span class='ocrx_word' id='word_1_134' title='bbox 1198 2195 1284 2258; x_wconf 90' lang='lat' dir='ltr'>enim</span> <span class='ocrx_word' id='word_1_135' title='bbox 1306 2215 1373 2257; x_wconf 85' lang='lat' dir='ltr'>oar·</span> 
     </span>
     <span class='ocr_line' id='line_1_18' title="bbox 325 2290 1391 2381; baseline -0.002 -24"><span class='ocrx_word' id='word_1_136' title='bbox 325 2295 428 2379; x_wconf 87' lang='lat' dir='ltr'>mina,</span> <span class='ocrx_word' id='word_1_137' title='bbox 456 2305 491 2358; x_wconf 93' lang='lat' dir='ltr'>ut</span> <span class='ocrx_word' id='word_1_138' title='bbox 518 2295 615 2357; x_wconf 89' lang='lat' dir='ltr'>etiam</span> <span class='ocrx_word' id='word_1_139' title='bbox 642 2315 793 2381; x_wconf 81' lang='lat' dir='ltr'>sequens,</span> <span class='ocrx_word' id='word_1_140' title='bbox 822 2316 1018 2381; x_wconf 88' lang='lat' dir='ltr'>quamquam</span> <span class='ocrx_word' id='word_1_141' title='bbox 1044 2315 1104 2380; x_wconf 88' lang='lat' dir='ltr'>per</span> <span class='ocrx_word' id='word_1_142' title='bbox 1124 2294 1232 2358; x_wconf 90' lang='lat' dir='ltr'>iocum</span> <span class='ocrx_word' id='word_1_143' title='bbox 1254 2290 1391 2378; x_wconf 81' lang='lat' dir='ltr'>scripta</span> 
     </span>
     <span class='ocr_line' id='line_1_19' title="bbox 324 2392 1374 2480; baseline -0.002 -23"><span class='ocrx_word' id='word_1_144' title='bbox 324 2393 431 2458; x_wconf 86' lang='lat' dir='ltr'>videri</span> <span class='ocrx_word' id='word_1_145' title='bbox 457 2402 606 2480; x_wconf 80' lang='lat' dir='ltr'>possunt,</span> <span class='ocrx_word' id='word_1_146' title='bbox 633 2403 742 2458; x_wconf 90' lang='lat' dir='ltr'>tamen</span> <span class='ocrx_word' id='word_1_147' title='bbox 767 2396 895 2480; x_wconf 87' lang='lat' dir='ltr'>poetice</span> <span class='ocrx_word' id='word_1_148' title='bbox 921 2415 1000 2458; x_wconf 88' lang='lat' dir='ltr'>vera</span> <span class='ocrx_word' id='word_1_149' title='bbox 1022 2403 1096 2457; x_wconf 81' lang='lat' dir='ltr'>sunt</span> <span class='ocrx_word' id='word_1_150' title='bbox 1115 2414 1223 2478; x_wconf 89' lang='lat' dir='ltr'>neque</span> <span class='ocrx_word' id='word_1_151' title='bbox 1246 2392 1374 2477; x_wconf 81' lang='lat' dir='ltr'>singula</span> 
     </span>
     <span class='ocr_line' id='line_1_20' title="bbox 326 2490 1374 2576; baseline -0.001 -21"><span class='ocrx_word' id='word_1_152' title='bbox 326 2491 429 2555; x_wconf 86' lang='lat' dir='ltr'>verba</span> <span class='ocrx_word' id='word_1_153' title='bbox 449 2493 521 2575; x_wconf 82' lang='lat' dir='ltr'>ipsa</span> <span class='ocrx_word' id='word_1_154' title='bbox 543 2492 721 2576; x_wconf 89' lang='lat' dir='ltr'>quidquam</span> <span class='ocrx_word' id='word_1_155' title='bbox 741 2491 877 2575; x_wconf 88' lang='lat' dir='ltr'>habent,</span> <span class='ocrx_word' id='word_1_156' title='bbox 907 2514 971 2576; x_wconf 92' lang='lat' dir='ltr'>quo</span> <span class='ocrx_word' id='word_1_157' title='bbox 992 2493 1099 2554; x_wconf 90' lang='lat' dir='ltr'>iocum</span> <span class='ocrx_word' id='word_1_158' title='bbox 1120 2492 1227 2555; x_wconf 87' lang='lat' dir='ltr'>inesse</span> <span class='ocrx_word' id='word_1_159' title='bbox 1248 2493 1318 2555; x_wconf 92' lang='lat' dir='ltr'>iure</span> <span class='ocrx_word' id='word_1_160' title='bbox 1338 2490 1374 2554; x_wconf 96' lang='lat' dir='ltr'>li-</span> 
     </span>
     <span class='ocr_line' id='line_1_21' title="bbox 324 2587 1375 2675; baseline 0 -22"><span class='ocrx_word' id='word_1_161' title='bbox 324 2598 400 2653; x_wconf 87' lang='lat' dir='ltr'>ceat</span> <span class='ocrx_word' id='word_1_162' title='bbox 433 2590 599 2674; x_wconf 83' lang='lat' dir='ltr'>auspicari.</span> <span class='ocrx_word' id='word_1_163' title='bbox 652 2587 804 2671; x_wconf 79' lang='lat' dir='ltr'>Accedit,</span> <span class='ocrx_word' id='word_1_164' title='bbox 839 2587 926 2673; x_wconf 90' lang='lat' dir='ltr'>quod</span> <span class='ocrx_word' id='word_1_165' title='bbox 953 2590 999 2652; x_wconf 81' lang='lat' dir='ltr'>sic</span> <span class='ocrx_word' id='word_1_166' title='bbox 1026 2590 1129 2653; x_wconf 88' lang='lat' dir='ltr'>oratio</span> <span class='ocrx_word' id='word_1_167' title='bbox 1156 2592 1266 2654; x_wconf 89' lang='lat' dir='ltr'>nescio</span> <span class='ocrx_word' id='word_1_168' title='bbox 1295 2589 1375 2675; x_wconf 90' lang='lat' dir='ltr'>quid</span> 
     </span>
     <span class='ocr_line' id='line_1_22' title="bbox 326 2685 1427 2772; baseline 0.002 -21"><span class='ocrx_word' id='word_1_169' title='bbox 326 2687 489 2751; x_wconf 86' lang='lat' dir='ltr'>invenusti</span> <span class='ocrx_word' id='word_1_170' title='bbox 514 2694 546 2749; x_wconf 84' lang='lat' dir='ltr'>et</span> <span class='ocrx_word' id='word_1_171' title='bbox 568 2685 698 2772; x_wconf 81' lang='lat' dir='ltr'>abrupti</span> <span class='ocrx_word' id='word_1_172' title='bbox 719 2685 831 2770; x_wconf 88' lang='lat' dir='ltr'>habet,</span> <span class='ocrx_word' id='word_1_173' title='bbox 861 2685 949 2771; x_wconf 91' lang='lat' dir='ltr'>quod</span> <span class='ocrx_word' id='word_1_174' title='bbox 971 2686 1012 2749; x_wconf 92' lang='lat' dir='ltr'>de</span> <span class='ocrx_word' id='word_1_175' title='bbox 1034 2687 1183 2753; x_wconf 82' lang='lat' dir='ltr'>omnibus</span> <span class='ocrx_word' id='word_1_176' title='bbox 1204 2689 1235 2753; x_wconf 91' lang='lat' dir='ltr'>h.</span> <span class='ocrx_word' id='word_1_177' title='bbox 1257 2689 1277 2753; x_wconf 89' lang='lat' dir='ltr'>l.</span> <span class='ocrx_word' id='word_1_178' title='bbox 1301 2711 1375 2753; x_wconf 91' lang='lat' dir='ltr'>con·</span> <span class='ocrx_word' id='word_1_179' title='bbox 1424 2699 1427 2705; x_wconf 86' lang='lat'>&#39;</span> 
     </span>
     <span class='ocr_line' id='line_1_23' title="bbox 325 2784 1374 2870; baseline 0.001 -20"><span class='ocrx_word' id='word_1_180' title='bbox 325 2787 457 2850; x_wconf 81' lang='lat' dir='ltr'>iecturis</span> <span class='ocrx_word' id='word_1_181' title='bbox 481 2785 632 2868; x_wconf 78' lang='lat' dir='ltr'>dixerim,</span> <span class='ocrx_word' id='word_1_182' title='bbox 655 2784 771 2870; x_wconf 87' lang='lat' dir='ltr'>quibus</span> <span class='ocrx_word' id='word_1_183' title='bbox 793 2784 954 2849; x_wconf 86' lang='lat' dir='ltr'>vocabulo</span> <span class='ocrx_word' id='word_1_184' title='bbox 975 2786 1066 2849; x_wconf 84' lang='lat' dir='ltr'>credo</span> <span class='ocrx_word' id='word_1_185' title='bbox 1089 2797 1217 2852; x_wconf 84' lang='lat' dir='ltr'>servato</span> <span class='ocrx_word' id='word_1_186' title='bbox 1233 2787 1287 2852; x_wconf 90' lang='lat' dir='ltr'>hic</span> <span class='ocrx_word' id='word_1_187' title='bbox 1304 2811 1374 2853; x_wconf 90' lang='lat' dir='ltr'>ver·</span> 
     </span>
     <span class='ocr_line' id='line_1_24' title="bbox 321 2882 1375 2972; baseline 0.001 -23"><span class='ocrx_word' id='word_1_188' title='bbox 321 2884 444 2950; x_wconf 69' lang='lat' dir='ltr'>siculus</span> <span class='ocrx_word' id='word_1_189' title='bbox 465 2906 526 2971; x_wconf 90' lang='lat' dir='ltr'>per</span> <span class='ocrx_word' id='word_1_190' title='bbox 541 2906 575 2948; x_wconf 84' lang='lat' dir='ltr'>se</span> <span class='ocrx_word' id='word_1_191' title='bbox 593 2883 696 2948; x_wconf 84' lang='lat' dir='ltr'>dictus</span> <span class='ocrx_word' id='word_1_192' title='bbox 714 2885 764 2947; x_wconf 83' lang='lat' dir='ltr'>sit.</span> <span class='ocrx_word' id='word_1_193' title='bbox 799 2882 986 2948; x_wconf 84' lang='lat' dir='ltr'>Schraderi:</span> <span class='ocrx_word' id='word_1_194' title='bbox 1011 2883 1111 2949; x_wconf 82' lang='lat' dir='ltr'>Credo</span> <span class='ocrx_word' id='word_1_195' title='bbox 1125 2888 1176 2949; x_wconf 79' lang='lat' dir='ltr'>ati</span> <span class='ocrx_word' id='word_1_196' title='bbox 1186 2889 1303 2972; x_wconf 75' lang='lat' dir='ltr'>praete,</span> <span class='ocrx_word' id='word_1_197' title='bbox 1326 2909 1375 2950; x_wconf 75' lang='lat' dir='ltr'>re</span> 
     </span>
     <span class='ocr_line' id='line_1_25' title="bbox 327 2982 1375 3071; baseline -0.001 -21"><span class='ocrx_word' id='word_1_198' title='bbox 327 2993 456 3071; x_wconf 87' lang='lat' dir='ltr'>ceptum</span> <span class='ocrx_word' id='word_1_199' title='bbox 477 2984 631 3070; x_wconf 88' lang='lat' dir='ltr'>Hauptio,</span> <span class='ocrx_word' id='word_1_200' title='bbox 654 2982 768 3047; x_wconf 90' lang='lat' dir='ltr'>eodem</span> <span class='ocrx_word' id='word_1_201' title='bbox 789 2982 883 3047; x_wconf 91' lang='lat' dir='ltr'>redit.</span> <span class='ocrx_word' id='word_1_202' title='bbox 915 2982 1024 3050; x_wconf 80' lang='lat' dir='ltr'>Vossii</span> <span class='ocrx_word' id='word_1_203' title='bbox 1044 2984 1149 3068; x_wconf 88' lang='lat' dir='ltr'>lectio,</span> <span class='ocrx_word' id='word_1_204' title='bbox 1172 3005 1255 3069; x_wconf 91' lang='lat' dir='ltr'>quae</span> <span class='ocrx_word' id='word_1_205' title='bbox 1276 2983 1375 3049; x_wconf 87' lang='lat' dir='ltr'>foedo</span> 
     </span>
     <span class='ocr_line' id='line_1_26' title="bbox 326 3081 1376 3170; baseline -0.001 -22"><span class='ocrx_word' id='word_1_206' title='bbox 326 3084 417 3148; x_wconf 89' lang='lat' dir='ltr'>hiatu</span> <span class='ocrx_word' id='word_1_207' title='bbox 445 3082 585 3166; x_wconf 87' lang='lat' dir='ltr'>laborat,</span> <span class='ocrx_word' id='word_1_208' title='bbox 613 3104 653 3145; x_wconf 88' lang='lat' dir='ltr'>ac</span> <span class='ocrx_word' id='word_1_209' title='bbox 678 3084 783 3167; x_wconf 87' lang='lat' dir='ltr'>magis</span> <span class='ocrx_word' id='word_1_210' title='bbox 810 3081 985 3168; x_wconf 85' lang='lat' dir='ltr'>explicatio</span> <span class='ocrx_word' id='word_1_211' title='bbox 1012 3084 1081 3147; x_wconf 83' lang='lat' dir='ltr'>eiua</span> <span class='ocrx_word' id='word_1_212' title='bbox 1105 3105 1237 3170; x_wconf 80' lang='lat' dir='ltr'>prorsus</span> <span class='ocrx_word' id='word_1_213' title='bbox 1263 3084 1376 3168; x_wconf 88' lang='lat' dir='ltr'>inepta</span> 
     </span>
     <span class='ocr_line' id='line_1_27' title="bbox 326 3180 1376 3267; baseline -0.002 -20"><span class='ocrx_word' id='word_1_214' title='bbox 326 3193 359 3248; x_wconf 90' lang='lat' dir='ltr'>et</span> <span class='ocrx_word' id='word_1_215' title='bbox 380 3181 523 3248; x_wconf 86' lang='lat' dir='ltr'>barbara</span> <span class='ocrx_word' id='word_1_216' title='bbox 545 3194 601 3247; x_wconf 87' lang='lat' dir='ltr'>est.</span> <span class='ocrx_word' id='word_1_217' title='bbox 643 3182 737 3245; x_wconf 90' lang='lat' dir='ltr'>Haec</span> <span class='ocrx_word' id='word_1_218' title='bbox 759 3182 876 3247; x_wconf 83' lang='lat' dir='ltr'>effutit:</span> <span class='ocrx_word' id='word_1_219' title='bbox 906 3180 1006 3247; x_wconf 79' lang='lat' dir='ltr'>Credo</span> <span class='ocrx_word' id='word_1_220' title='bbox 1027 3196 1067 3263; x_wconf 80' lang='lat' dir='ltr'>te,</span> <span class='ocrx_word' id='word_1_221' title='bbox 1090 3205 1107 3244; x_wconf 92' lang='lat' dir='ltr'>o</span> <span class='ocrx_word' id='word_1_222' title='bbox 1125 3204 1251 3267; x_wconf 74' lang='lat' dir='ltr'>ponaer,</span> <span class='ocrx_word' id='word_1_223' title='bbox 1272 3183 1376 3245; x_wconf 73' lang='lat' dir='ltr'>acacii)</span> 
     </span>
     <span class='ocr_line' id='line_1_28' title="bbox 326 3280 1377 3366; baseline 0.001 -23"><span class='ocrx_word' id='word_1_224' title='bbox 326 3281 406 3366; x_wconf 81' lang='lat' dir='ltr'>qaid</span> <span class='ocrx_word' id='word_1_225' title='bbox 429 3303 537 3343; x_wconf 78' lang='lat' dir='ltr'>aarum</span> <span class='ocrx_word' id='word_1_226' title='bbox 561 3282 665 3343; x_wconf 82' lang='lat' dir='ltr'>iocari</span> <span class='ocrx_word' id='word_1_227' title='bbox 688 3304 756 3344; x_wconf 82' lang='lat' dir='ltr'>cum</span> <span class='ocrx_word' id='word_1_228' title='bbox 778 3281 932 3346; x_wconf 79' lang='lat' dir='ltr'>desiderio</span> <span class='ocrx_word' id='word_1_229' title='bbox 953 3304 1018 3345; x_wconf 86' lang='lat' dir='ltr'>meo</span> <span class='ocrx_word' id='word_1_230' title='bbox 1038 3283 1160 3363; x_wconf 80' lang='lat' dir='ltr'>nitenti,</span> <span class='ocrx_word' id='word_1_231' title='bbox 1187 3280 1224 3345; x_wconf 78' lang='lat' dir='ltr'>id</span> <span class='ocrx_word' id='word_1_232' title='bbox 1242 3294 1287 3345; x_wconf 80' lang='lat' dir='ltr'>eat</span> <span class='ocrx_word' id='word_1_233' title='bbox 1307 3303 1377 3344; x_wconf 81' lang='lat' dir='ltr'>cum</span> 
     </span>
     <span class='ocr_line' id='line_1_29' title="bbox 323 3379 1376 3465; baseline 0.002 -24"><span class='ocrx_word' id='word_1_234' title='bbox 323 3380 432 3465; x_wconf 65' lang='lat' dir='ltr'>puelia</span> <span class='ocrx_word' id='word_1_235' title='bbox 452 3400 533 3456; x_wconf 84' lang='lat' dir='ltr'>mea,</span> <span class='ocrx_word' id='word_1_236' title='bbox 559 3391 590 3441; x_wconf 86' lang='lat' dir='ltr'>et</span> <span class='ocrx_word' id='word_1_237' title='bbox 616 3379 758 3441; x_wconf 79' lang='lat' dir='ltr'>oriniliter</span> <span class='ocrx_word' id='word_1_238' title='bbox 771 3379 870 3464; x_wconf 18' lang='lat' dir='ltr'>,credo</span> <span class='ocrx_word' id='word_1_239' title='bbox 892 3394 919 3443; x_wconf 84' lang='lat' dir='ltr'>te</span> <span class='ocrx_word' id='word_1_240' title='bbox 940 3381 1116 3444; x_wconf 81' lang='lat' dir='ltr'>colatiotam</span> <span class='ocrx_word' id='word_1_241' title='bbox 1137 3403 1201 3442; x_wconf 81' lang='grc'><strong><em>3333</em></strong></span> <span class='ocrx_word' id='word_1_242' title='bbox 1221 3381 1275 3444; x_wconf 76' lang='lat' dir='ltr'>eui</span> <span class='ocrx_word' id='word_1_243' title='bbox 1292 3379 1376 3443; x_wconf 83' lang='lat' dir='ltr'>dolo-</span> 
     </span>
     <span class='ocr_line' id='line_1_30' title="bbox 325 3476 1375 3563; baseline 0 -22"><span class='ocrx_word' id='word_1_244' title='bbox 325 3480 383 3559; x_wconf 71' lang='lat' dir='ltr'>ris,</span> <span class='ocrx_word' id='word_1_245' title='bbox 404 3489 438 3540; x_wconf 80' lang='lat' dir='ltr'>ut</span> <span class='ocrx_word' id='word_1_246' title='bbox 455 3476 563 3563; x_wconf 67' lang='lat' dir='ltr'>praeca</span> <span class='ocrx_word' id='word_1_247' title='bbox 584 3477 650 3540; x_wconf 76' lang='lat' dir='ltr'>ciac</span> <span class='ocrx_word' id='word_1_248' title='bbox 672 3476 769 3539; x_wconf 82' lang='lat' dir='ltr'>ardor</span> <span class='ocrx_word' id='word_1_249' title='bbox 791 3480 974 3562; x_wconf 74' lang='lat' dir='ltr'>acquiescat.</span> <span class='ocrx_word' id='word_1_250' title='bbox 1007 3479 1092 3542; x_wconf 87' lang='lat' dir='ltr'>Nam</span> <span class='ocrx_word' id='word_1_251' title='bbox 1107 3479 1223 3543; x_wconf 84' lang='lat' dir='ltr'>utalia</span> <span class='ocrx_word' id='word_1_252' title='bbox 1237 3488 1375 3563; x_wconf 85' lang='lat' dir='ltr'>taceam,</span> 
     </span>
     <span class='ocr_line' id='line_1_31' title="bbox 315 3576 1374 3663; baseline -0.001 -21"><span class='ocrx_word' id='word_1_253' title='bbox 315 3578 445 3642; x_wconf 83' lang='lat' dir='ltr'>omisso</span> <span class='ocrx_word' id='word_1_254' title='bbox 467 3587 495 3638; x_wconf 85' lang='lat' dir='ltr'>te</span> <span class='ocrx_word' id='word_1_255' title='bbox 515 3584 547 3640; x_wconf 88' lang='lat' dir='ltr'>et</span> <span class='ocrx_word' id='word_1_256' title='bbox 562 3576 667 3661; x_wconf 80' lang='lat' dir='ltr'>posito</span> <span class='ocrx_word' id='word_1_257' title='bbox 684 3576 738 3640; x_wconf 76' lang='lat' dir='ltr'>rai</span> <span class='ocrx_word' id='word_1_258' title='bbox 748 3578 956 3663; x_wconf 87' lang='lat' dir='ltr'>perspicuum</span> <span class='ocrx_word' id='word_1_259' title='bbox 972 3587 1021 3642; x_wconf 85' lang='lat' dir='ltr'>est</span> <span class='ocrx_word' id='word_1_260' title='bbox 1038 3576 1080 3642; x_wconf 88' lang='lat' dir='ltr'>ab</span> <span class='ocrx_word' id='word_1_261' title='bbox 1098 3578 1229 3641; x_wconf 91' lang='lat' dir='ltr'>homine</span> <span class='ocrx_word' id='word_1_262' title='bbox 1246 3577 1374 3649; x_wconf 80' lang='lat' dir='ltr'>Catullo</span> 
     </span>
     <span class='ocr_line' id='line_1_32' title="bbox 326 3675 1375 3742; baseline -0.003 0"><span class='ocrx_word' id='word_1_263' title='bbox 326 3675 551 3742; x_wconf 81' lang='lat' dir='ltr'>soloecismum</span> <span class='ocrx_word' id='word_1_264' title='bbox 576 3675 698 3739; x_wconf 84' lang='lat' dir='ltr'>inferri.</span> <span class='ocrx_word' id='word_1_265' title='bbox 742 3675 812 3739; x_wconf 89' lang='lat' dir='ltr'>Nec</span> <span class='ocrx_word' id='word_1_266' title='bbox 837 3676 937 3742; x_wconf 91' lang='lat' dir='ltr'>multo</span> <span class='ocrx_word' id='word_1_267' title='bbox 964 3676 1089 3742; x_wconf 83' lang='lat' dir='ltr'>felicius</span> <span class='ocrx_word' id='word_1_268' title='bbox 1116 3679 1151 3740; x_wconf 92' lang='lat' dir='ltr'>in</span> <span class='ocrx_word' id='word_1_269' title='bbox 1177 3677 1248 3742; x_wconf 89' lang='lat' dir='ltr'>loco</span> <span class='ocrx_word' id='word_1_270' title='bbox 1278 3677 1375 3741; x_wconf 88' lang='lat' dir='ltr'>corri-</span> 
     </span>
    </p>
   </div>
   <div class='ocr_carea' id='block_1_2' title="bbox 327 3774 1373 4160">
    <p class='ocr_par' dir='ltr' id='par_1_2' title="bbox 327 3774 1372 4060">
     <span class='ocr_line' id='line_1_33' title="bbox 327 3774 1372 3863; baseline -0.001 -23"><span class='ocrx_word' id='word_1_271' title='bbox 327 3775 435 3861; x_wconf 84' lang='lat' dir='ltr'>gendo</span> <span class='ocrx_word' id='word_1_272' title='bbox 452 3784 598 3839; x_wconf 82' lang='lat' dir='ltr'>versatus</span> <span class='ocrx_word' id='word_1_273' title='bbox 616 3784 664 3839; x_wconf 86' lang='lat' dir='ltr'>est</span> <span class='ocrx_word' id='word_1_274' title='bbox 679 3774 833 3861; x_wconf 82' lang='lat' dir='ltr'>Scaliger,</span> <span class='ocrx_word' id='word_1_275' title='bbox 852 3777 898 3839; x_wconf 86' lang='lat' dir='ltr'>sic</span> <span class='ocrx_word' id='word_1_276' title='bbox 912 3799 972 3863; x_wconf 90' lang='lat' dir='ltr'>per</span> <span class='ocrx_word' id='word_1_277' title='bbox 986 3775 1195 3863; x_wconf 85' lang='lat' dir='ltr'>parenthesin</span> <span class='ocrx_word' id='word_1_278' title='bbox 1211 3775 1372 3841; x_wconf 82' lang='lat' dir='ltr'>scribens:</span> 
     </span>
     <span class='ocr_line' id='line_1_34' title="bbox 477 3874 938 3959; baseline 0.002 -20"><span class='ocrx_word' id='word_1_279' title='bbox 477 3874 533 3959; x_wconf 87' lang='lat' dir='ltr'>(Ut</span> <span class='ocrx_word' id='word_1_280' title='bbox 553 3876 728 3940; x_wconf 71' lang='lat' dir='ltr'>colatiolam</span> <span class='ocrx_word' id='word_1_281' title='bbox 748 3876 802 3939; x_wconf 80' lang='lat' dir='ltr'>oui</span> <span class='ocrx_word' id='word_1_282' title='bbox 820 3875 938 3940; x_wconf 66' lang='lat' dir='ltr'>detorti</span> 
     </span>
     <span class='ocr_line' id='line_1_35' title="bbox 476 3972 1195 4060; baseline 0 -23"><span class='ocrx_word' id='word_1_283' title='bbox 476 3972 629 4055; x_wconf 72' lang='lat' dir='ltr'>Credunt,</span> <span class='ocrx_word' id='word_1_284' title='bbox 651 3998 742 4058; x_wconf 82' lang='lat' dir='ltr'>qaum</span> <span class='ocrx_word' id='word_1_285' title='bbox 760 3975 869 4060; x_wconf 72' lang='lat' dir='ltr'>provio</span> <span class='ocrx_word' id='word_1_286' title='bbox 890 3976 1055 4059; x_wconf 70' lang='lat' dir='ltr'>acquiescat</span> <span class='ocrx_word' id='word_1_287' title='bbox 1075 3974 1195 4056; x_wconf 80' lang='lat' dir='ltr'>ardor.)</span> 
     </span>
    </p>

    <p class='ocr_par' dir='ltr' id='par_1_3' title="bbox 328 4071 1373 4160">
     <span class='ocr_line' id='line_1_36' title="bbox 328 4071 1373 4160; baseline 0.002 -25"><span class='ocrx_word' id='word_1_288' title='bbox 328 4071 411 4135; x_wconf 87' lang='lat' dir='ltr'>Mire</span> <span class='ocrx_word' id='word_1_289' title='bbox 438 4071 594 4160; x_wconf 88' lang='lat' dir='ltr'>explicat:</span> <span class='ocrx_word' id='word_1_290' title='bbox 634 4072 661 4137; x_wconf 92' lang='lat'><strong><em>0</em></strong></span> <span class='ocrx_word' id='word_1_291' title='bbox 682 4097 810 4158; x_wconf 71' lang='lat' dir='ltr'>passer,</span> <span class='ocrx_word' id='word_1_292' title='bbox 838 4072 1085 4158; x_wconf 75' lang='lat' dir='ltr'>quandoquidem</span> <span class='ocrx_word' id='word_1_293' title='bbox 1105 4074 1178 4138; x_wconf 76' lang='lat' dir='ltr'>libet</span> <span class='ocrx_word' id='word_1_294' title='bbox 1197 4074 1276 4139; x_wconf 70' lang='lat' dir='ltr'>aar·</span> <span class='ocrx_word' id='word_1_295' title='bbox 1294 4074 1373 4138; x_wconf 79' lang='lat' dir='ltr'>dare</span> 
     </span>
    </p>
   </div>
   <div class='ocr_carea' id='block_1_3' title="bbox 0 0 1706 4959">
    <p class='ocr_par' dir='ltr' id='par_1_4' title="bbox 0 0 1706 4959">
     <span class='ocr_line' id='line_1_37' title="bbox 0 0 1706 4959; baseline 0 0"><span class='ocrx_word' id='word_1_296' title='bbox 0 0 1706 4959; x_wconf 95' lang='lat' dir='ltr'> </span> 
     </span>
    </p>
   </div>
  </div>
 </body>
</html>
