3392 4959
746 534 864 617 ‚51

321 756 446 819 ratione
464 751 506 816 ad
522 750 770 837 praecedentem
786 750 1020 813 nominativum
1034 748 1200 833 referatur,
1217 748 1368 824 hocloco

322 853 401 917 nihil
428 850 594 937 probatur,
622 851 741 935 quippe
768 850 822 935 qui
848 857 961 934 aperte
987 847 1157 911 lacunosus
1184 850 1238 932 sit,
1265 850 1311 912 ita
1334 858 1366 913 ut

323 966 374 1016 tuo
395 950 599 1015 referendum
621 950 661 1012 sit
683 947 726 1011 ad
743 948 939 1032 Hesperum,
962 946 1005 1009 ad
1026 970 1122 1032 quem
1142 969 1238 1011 versu
1260 948 1365 1033 aliquo

324 1054 440 1115 amisso
464 1048 632 1114 commodo
655 1048 791 1111 transitu
812 1046 1038 1110 allocutionem
1055 1046 1175 1110 factam
1191 1068 1262 1110 esse
1279 1058 1365 1132 puto.

323 1152 396 1214 Hae
431 1159 478 1214 tot
509 1158 681 1232 tantaeque
716 1145 920 1209 difficultates
951 1153 1085 1229 accepta
1113 1167 1165 1228 ea,
1199 1168 1295 1231 quam
1322 1147 1368 1209 in-

323 1251 379 1313 itio
401 1248 567 1334 proposui,
592 1248 777 1310 coniectura
797 1266 861 1308 uno
884 1245 975 1329 quasi
996 1246 1061 1308 i'etu
1081 1243 1242 1309 tolluntur.
1276 1244 1369 1309 Com-

322 1348 470 1411 mendari
497 1356 602 1410 autem
632 1345 761 1410 videtur
788 1344 886 1407 etiam
911 1344 1108 1428 pronominis
1135 1352 1230 1427 grata
1255 1345 1369 1429 repeti-

323 1448 425 1510 tione:
453 1455 542 1510 tuum
563 1482 605 1492 -
625 1454 690 1509 tua.
734 1442 903 1527 Originem
931 1442 1069 1528 denique
1097 1441 1297 1528 corruptelae
1323 1466 1370 1506 rc·

323 1545 491 1609 ferendam
518 1554 594 1631 puto
622 1544 665 1607 ad
690 1542 815 1607 librarii
841 1541 975 1605 alicuius
997 1541 1167 1624 incuriam,
1195 1543 1250 1626 qui
1271 1565 1369 1627 quum

323 1654 526 1729 tympanum,
553 1645 798 1707 instrumentum
822 1642 993 1724 musicum,
1022 1650 1304 1704 commemoratum
1324 1641 1370 1704 vi-

326 1743 438 1826 disset,
468 1742 524 1806 tali
551 1742 721 1806 occasione
747 1739 846 1804 tubae
874 1762 1000 1825 quoque
1021 1738 1110 1801 haud
1131 1740 1238 1824 inepte
1259 1740 1370 1803 mentiss

326 1864 420 1905 onem
446 1842 515 1904 fieri
542 1862 636 1925 posse
664 1840 825 1926 opinatus,
860 1838 1022 1903 oculorum
1056 1838 1228 1902 adiuvante
1262 1860 1370 1902 errore

325 1963 383 2025 pro
406 1954 490 2005 taam
514 1940 642 2026 scripsit
663 1940 774 2003 tubam.

704 2386 823 2482 urm,
856 2386 914 2481 ts,
940 2386 997 2463 u..

476 2533 616 2622 Apedom
635 2534 736 2618 iuquit
757 2557 812 2621 ape
825 2536 925 2621 feros
935 2535 1000 2619 foc
1019 2546 1053 2596 ut
1072 2534 1152 2596 done
1162 2535 1271 2621 furor.

412 2635 467 2699 Sic
493 2656 608 2698 manco
635 2655 732 2698 versu
757 2643 821 2697 tres
850 2632 945 2697 Statii
972 2632 1066 2696 codd.
1095 2633 1285 2719 (equorum
1307 2658 1374 2698 uno

318 2736 381 2820 fac
403 2734 554 2818 excidit),
576 2733 719 2819 plerique
740 2733 856 2816 Vossii,
878 2731 1013 2815 Dresd.,
1036 2732 1182 2796 Lachma
1228 2734 1236 2749 '
1259 2734 1302 2797 D.
1324 2735 1373 2816 L,

329 2833 416 2897 editt.
439 2833 519 2917 Reg.
541 2832 613 2896 Vic.
635 2832 726 2896 Brix.
750 2830 900 2915 Guarin.3
918 2833 1089 2918 formatus
1110 2830 1218 2895 haben
1245 2830 1373 2915 Ouiae,

330 2931 582 3017 quidamVossii.
598 2932 741 2995 Muretus
757 2930 867 3014 edidit,
881 2930 1152 3017 quemadmodum
1166 2930 1266 2995 habet
1276 2931 1375 2995 Basit

330 3029 434 3093 1530.:
453 3032 568 3116 faex,
595 3030 674 3093 duae
700 3026 830 3115 opedam
856 3028 1021 3115 appredcrc
1037 3030 1151 3114 furor,
1179 3052 1376 3115 quamquam

329 3128 416 3213 quod
443 3130 478 3189 in
505 3127 698 3212 quibusdam
726 3128 766 3189 sit
782 3128 884 3211 feroc
909 3127 981 3190 loco
1008 3137 1170 3212 postremo
1199 3150 1258 3211 pro
1275 3129 1403 3214 furcr'

329 3225 392 3288 sibi
412 3226 517 3309 magis
538 3223 671 3311 probari
692 3224 819 3288 fatetur.
862 3225 903 3289 V.
927 3225 983 3288 79:
1000 3226 1046 3288 sic
1068 3225 1195 3309 scripsit
1215 3226 1360 3291 Muretus
1368 3249 1380 3290 :-

411 3324 495 3387 Facc
516 3336 549 3387 ut
570 3324 620 3387 hie
630 3324 761 3410 furoris
781 3324 844 3387 ictu
865 3324 998 3388 reditum
1017 3325 1052 3387 ia
1072 3346 1196 3387 nemora
1206 3326 1308 3411 ferat.

413 3422 493 3487 Ood.
515 3421 634 3486 Dresd.
657 3421 757 3486 habet
777 3422 861 3506 lacae,
885 3422 995 3488 Ouiae.
1018 3424 1086 3488 Fac
1106 3437 1140 3487 ut
1159 3424 1251 3509 hooc,
1275 3424 1375 3489 Guar.

329 3522 391 3605 tic,
418 3522 452 3584 in
473 3520 548 3585 Ald.
570 3521 597 3585 Ι.
620 3532 651 3586 et
671 3521 770 3587 Basil.
795 3522 885 3586 1530.
923 3523 1004 3607 (Fac
1024 3536 1059 3587 ut
1068 3525 1199 3610 furoris
1219 3524 1294 3608 ictu)
1322 3548 1376 3588 vo-

330 3621 402 3684 cula
434 3620 538 3704 deest,
571 3631 606 3684 ut
639 3622 736 3684 etiam
763 3622 798 3684 in
824 3621 1028 3686 Lachmanni
1055 3624 1097 3685 D.
1125 3623 1181 3704 L.,
1214 3624 1269 3706 qui
1294 3621 1377 3685 haec

328 3720 500 3804 praebent:
527 3720 595 3782 Fue
614 3733 649 3783 ut
660 3721 789 3805 furoris
808 3722 915 3804 ictum,
939 3721 989 3784 ed.
1011 3720 1102 3783 Brix.
1125 3721 1196 3802 duc,
1220 3718 1271 3783 ed.
1293 3720 1378 3806 Reg,

330 3819 407 3882 douc
418 3820 590 3906 furoribus
611 3819 718 3901 ictum,
741 3819 811 3883 Vic.
834 3819 922 3882 huuc.

413 3918 532 3982 Versus
555 3920 601 3983 sic
624 3918 785 3982 constituit
808 3916 968 4002 Scaliger:

372 4013 512 4099 Apcdam
531 4018 644 4101 inpari,
666 4040 721 4104 ape
732 4019 846 4103 feros,
868 4018 895 4097 i,
907 4018 986 4103 face
1007 4028 1040 4080 ut
1060 4017 1131 4080 dz'rtc
1142 4017 1327 4103 furandae,

373 4113 456 4177 Face
477 4127 511 4178 at
531 4116 741 4202 trasferens
762 4117 825 4182 ictu
845 4116 978 4198 reditum
998 4118 1032 4182 ia
1053 4139 1178 4181 nemora
1189 4119 1290 4203 forat.

1145 4218 1178 4267 4*
