3392 4959
752 537 951 634 —24

330 775 426 839 quem
448 775 476 815 a.
499 750 777 815 MCCCLXXVI.
801 754 955 838 scriptum
978 775 1048 816 esse
1071 764 1206 817 constat.
1245 754 1373 839 Reliqui

330 874 440 915 omnes
467 851 535 913 fere
563 850 690 913 saeculo
718 850 846 914 demum
869 853 943 917 XV.
972 854 1083 938 scripti
1111 864 1185 917 sunt
1207 876 1307 939 usque
1330 854 1373 916 ad

328 952 432 1035 ipsam
451 952 617 1012 inventam
633 959 735 1012 artem
750 952 1031 1036 typographicam.
1068 953 1213 1031 Quorum
1231 954 1372 1016 omnium

327 1049 431 1112 nullus
453 1070 559 1134 neque
582 1051 772 1111 auctoritate
799 1051 845 1112 ita
871 1061 1000 1136 praeter
1023 1061 1145 1114 ceteros
1173 1051 1315 1134 excellit,
1338 1062 1374 1115 ut

329 1149 372 1212 ad
394 1150 461 1211 eius
483 1169 630 1210 normam
652 1149 834 1212 emendatio
859 1149 1041 1214 Catulliana
1060 1150 1165 1235 redigi
1185 1152 1300 1235 possit,
1320 1172 1373 1212 ne·
1470 1214 1473 1226 ‚

329 1270 403 1333 quc,
431 1258 467 1311 ut
491 1270 578 1310 nunc
603 1270 654 1311 res
678 1258 739 1331 est,
766 1258 934 1334 tantopere
956 1250 1074 1333 sordet,
1101 1260 1136 1313 ut
1157 1250 1253 1335 plane
1274 1249 1373 1334 negli-

328 1347 453 1432 gendus
486 1348 536 1410 sit.
587 1346 739 1411 Ceterum
764 1347 909 1433 plurimis
936 1347 1016 1412 locis
1046 1358 1102 1411 aut
1129 1348 1289 1412 lacunosis
1317 1357 1373 1411 aut

329 1447 487 1533 corruptis
515 1456 581 1509 tam
609 1447 688 1509 mire
717 1449 934 1531 consentiunt,
967 1458 1015 1531 ut,
1050 1450 1077 1511 si
1106 1449 1162 1534 qui
1189 1448 1373 1533 discrepent

327 1545 485 1631 nullisque
509 1544 751 1609 difficultatibus
773 1546 972 1632 implicatam
993 1546 1172 1633 praebeant
1192 1547 1372 1628 lectionem,

327 1644 515 1731 plerumque
538 1666 593 1707 eos
622 1655 769 1729 apertum
795 1647 836 1709 sit
857 1648 1042 1732 inquinatos
1064 1669 1134 1710 esse
1155 1645 1373 1732 interpolatio-

327 1744 437 1827 nibuS,
466 1765 548 1829 quae
576 1744 706 1830 quidem
732 1746 766 1807 in
793 1745 901 1809 multis
928 1756 995 1809 tam
1016 1746 1200 1832 frequentes
1223 1755 1311 1827 sunt,
1338 1754 1373 1807 ut

327 1842 403 1905 inde
430 1843 510 1905 nihil
535 1843 603 1906 fere
631 1843 767 1907 subsidii
793 1844 835 1906 ad
862 1844 1067 1907 emendanda
1089 1843 1207 1907 Catulli
1230 1845 1373 1907 carmina

326 1941 394 2026 peti
422 1951 528 2026 queat.
571 1940 626 2003 Ex
651 1944 714 2005 ista
735 1952 844 2005 autem
865 1942 1030 2027 farragine
1050 1942 1147 2006 bodie
1169 1942 1238 2006 fere
1261 1944 1373 2028 optimi

328 2050 499 2102 censentur
522 2038 631 2103 Caroli
652 2041 744 2124 Dati,
773 2062 968 2127 quamquam
995 2041 1036 2105 do
1057 2041 1120 2105 boc
1141 2042 1231 2105 varie
1252 2042 1372 2104 iudica·

327 2148 395 2203 tum
431 2150 493 2222 cst,
530 2149 562 2202 ct
594 2139 762 2203 Laurentii
796 2140 943 2204 Santenii
975 2140 1094 2223 codex,
1132 2138 1371 2223 GermanensiS,

328 2238 546 2323 Oolbertinus,
580 2238 696 2324 quibus
730 2240 990 2327 aequiparandos
1024 2241 1102 2305 dicit
1128 2241 1271 2326 Heysius
1298 2239 1373 2303 Am-

326 2338 514 2402 brosianum
535 2349 567 2402 et
589 2338 790 2404 Urbinatem.

409 2440 480 2501 Iam
506 2439 620 2502 horum
648 2462 708 2524 ope
738 2439 816 2525 quid
842 2441 1032 2525 praestitum
1058 2441 1099 2503 sit
1126 2461 1147 2502 a
1167 2440 1245 2503 viris
1269 2438 1372 2501 doctis

327 2539 624 2621 circumspectantis
647 2540 789 2599 animum
810 2540 910 2601 tristis
933 2538 1019 2601 subit
1042 2538 1203 2622 cogitatiO,
1225 2537 1295 2600 fore
1311 2538 1373 2600 for-

325 2645 412 2698 tasse
438 2655 628 2719 numquam,
655 2644 690 2697 ut
717 2634 958 2718 elegantissima
984 2646 1100 2721 poetae
1130 2637 1274 2699 carmina
1302 2638 1371 2699 sine

325 2734 397 2797 ullis
434 2732 567 2796 maculis
605 2734 716 2797 nativo
753 2734 858 2796 nitore
896 2756 954 2798 suo
992 2735 1228 2820 splendescant.
1290 2734 1372 2799 Sunt

326 2854 446 2918 magna
466 2833 611 2915 uomina,
634 2842 669 2896 ut
689 2832 843 2900 nonnulla
862 2844 949 2897 certe
968 2856 1225 2919 commemorem,
1245 2835 1371 2917 Mureti,

327 2932 500 3017 Scaligeri,
533 2932 655 3015 Vossii,
692 2931 909 3016 Lachmanni,
946 2934 1002 3018 qui
1040 2955 1236 3019 quamquam
1271 2934 1372 2998 multa

326 3032 552 3116 emendarunt,
579 3031 673 3118 plura
694 3024 803 3096 tamen
829 3031 883 3096 vel
903 3033 1063 3096 intentata
1088 3033 1142 3096 vel
1167 3056 1233 3097 non
1258 3045 1372 3097 sanata

324 3132 531 3219 reliquerunt.
564 3132 743 3197 Maximum
764 3142 873 3196 autem
888 3132 1162 3218 impedimentum,
1186 3136 1371 3218 quominus

324 3233 358 3294 in
381 3234 456 3295 crisi
478 3232 662 3296 Catulliana
683 3232 790 3297 adhuc
815 3233 997 3319 profectum
1023 3234 1078 3316 sit,
1104 3234 1139 3296 in
1166 3255 1204 3297 eo
1231 3233 1371 3319 positum

326 3352 396 3394 csse
414 3329 560 3413 arbitror,
577 3330 665 3415 quod
679 3331 823 3394 nondum
839 3332 1014 3395 editionem
1030 3332 1206 3396 habeamus
1224 3332 1372 3396 codicum
1475 3393 1479 3400 .

326 3428 554 3515 supellectilem
571 3430 724 3510 criticam,
742 3431 889 3512 quamvis
907 3449 1004 3514 saepe
1020 3430 1152 3512 futilem,
1170 3441 1270 3493 totam
1288 3452 1371 3492 coru-

324 3528 528 3613 plecteutem.
561 3528 646 3590 Nam
661 3536 791 3613 praeter
807 3548 862 3590 eas
879 3527 1042 3610 lectiones,
1060 3549 1143 3612 quae
1159 3550 1179 3590 a
1195 3528 1235 3591 V.
1253 3528 1295 3591 D.
1312 3551 1372 3613 per

326 3628 530 3691 occasionem
556 3636 824 3690 commemoratae
852 3647 1049 3713 sparsaeque
1076 3626 1240 3711 leguntur,
1274 3629 1370 3689 trium

326 3727 474 3791 codicum
500 3728 644 3812 integras
671 3725 857 3790 collationes
885 3726 1040 3789 debemus
1063 3725 1187 3810 Silligio
1214 3737 1245 3789 et
1266 3726 1371 3788 Lach-

324 3849 458 3911 manno,
487 3849 622 3911 quorum
642 3825 694 3890 ille
717 3825 950 3910 Dresdensem,
976 3826 1028 3888 hic
1049 3825 1216 3888 Datanum
1238 3835 1270 3889 et
1293 3824 1371 3888 Sau-

323 3928 490 3990 tenianum
511 3936 595 3989 totos
623 3925 778 3990 exhibuit.

408 4026 534 4089 Horum
554 4025 655 4109 igitur
676 4024 828 4089 subsidiis
852 4024 929 4111 quid
952 4024 1080 4087 efficere
1096 4046 1272 4110 possemus,
1294 4049 1370 4089 nou-

321 4123 416 4188 nullis
442 4125 521 4188 locis
548 4125 759 4206 tentavimus3
795 4143 859 4209 qua
887 4125 921 4186 in
947 4145 983 4187 re
1010 4134 1140 4208 praeter
1166 4147 1220 4209 ea,
1253 4126 1370 4212 quibus
