<?xml version="1.0" encoding="UTF-8"?>
<!DOCTYPE html PUBLIC "-//W3C//DTD XHTML 1.0 Transitional//EN"
    "http://www.w3.org/TR/xhtml1/DTD/xhtml1-transitional.dtd">
<html xmlns="http://www.w3.org/1999/xhtml" xml:lang="en" lang="en">
 <head>
  <title>
</title>
<meta http-equiv="Content-Type" content="text/html;charset=utf-8" />
  <meta name='ocr-system' content='tesseract 3.04.00' />
  <meta name='ocr-capabilities' content='ocr_page ocr_carea ocr_par ocr_line ocrx_word'/>
</head>
<body>
  <div class='ocr_page' id='page_1' title='image "./lectionumcatull00pohlgoog_0066.png"; bbox 0 0 3392 4959; ppageno 0'>
   <div class='ocr_carea' id='block_1_1' title="bbox 415 740 1529 4001">
    <p class='ocr_par' dir='ltr' id='par_1_1' title="bbox 415 740 1529 1527">
     <span class='ocr_line' id='line_1_1' title="bbox 415 740 1529 838; baseline 0.004 -25"><span class='ocrx_word' id='word_1_1' title='bbox 415 805 430 838; x_wconf 72' lang='grc'>,</span> <span class='ocrx_word' id='word_1_2' title='bbox 482 748 568 832; x_wconf 85' lang='lat' dir='ltr'><strong>dicit,</strong></span> <span class='ocrx_word' id='word_1_3' title='bbox 591 750 692 836; x_wconf 84' lang='lat' dir='ltr'><strong>„parti</strong></span> <span class='ocrx_word' id='word_1_4' title='bbox 708 740 818 836; x_wconf 89' lang='lat' dir='ltr'><strong>potius</strong></span> <span class='ocrx_word' id='word_1_5' title='bbox 837 748 970 814; x_wconf 83' lang='lat' dir='ltr'><strong>dearum</strong></span> <span class='ocrx_word' id='word_1_6' title='bbox 991 770 1087 835; x_wconf 88' lang='lat' dir='ltr'><strong>quam</strong></span> <span class='ocrx_word' id='word_1_7' title='bbox 1109 758 1165 814; x_wconf 91' lang='lat' dir='ltr'><strong>aut</strong></span> <span class='ocrx_word' id='word_1_8' title='bbox 1180 750 1237 814; x_wconf 91' lang='lat' dir='ltr'><strong>uni</strong></span> <span class='ocrx_word' id='word_1_9' title='bbox 1254 749 1315 814; x_wconf 90' lang='lat' dir='ltr'><strong>deo</strong></span> <span class='ocrx_word' id='word_1_10' title='bbox 1334 750 1458 818; x_wconf 86' lang='lat' dir='ltr'><strong>deaeve</strong></span> <span class='ocrx_word' id='word_1_11' title='bbox 1474 762 1529 818; x_wconf 88' lang='lat' dir='ltr'><strong>aut</strong></span> 
     </span>
     <span class='ocr_line' id='line_1_2' title="bbox 483 846 1529 937; baseline 0.005 -26"><span class='ocrx_word' id='word_1_12' title='bbox 483 847 632 937; x_wconf 85' lang='lat' dir='ltr'><strong>omnibus</strong></span> <span class='ocrx_word' id='word_1_13' title='bbox 649 848 718 913; x_wconf 88' lang='lat' dir='ltr'><strong>deis</strong></span> <span class='ocrx_word' id='word_1_14' title='bbox 733 846 918 934; x_wconf 82' lang='lat' dir='ltr'><strong>deabusque</strong></span> <span class='ocrx_word' id='word_1_15' title='bbox 935 850 1082 933; x_wconf 84' lang='lat' dir='ltr'><strong>reginam</strong></span> <span class='ocrx_word' id='word_1_16' title='bbox 1097 847 1247 934; x_wconf 79' lang='lat' dir='ltr'>capillum</span> <span class='ocrx_word' id='word_1_17' title='bbox 1262 871 1297 913; x_wconf 91' lang='lat' dir='ltr'><strong>se</strong></span> <span class='ocrx_word' id='word_1_18' title='bbox 1313 849 1460 915; x_wconf 91' lang='lat' dir='ltr'><strong>daturam</strong></span> <span class='ocrx_word' id='word_1_19' title='bbox 1474 874 1529 918; x_wconf 83' lang='lat' dir='ltr'><strong>vo</strong></span> 
     </span>
     <span class='ocr_line' id='line_1_3' title="bbox 481 946 1529 1035; baseline 0.003 -24"><span class='ocrx_word' id='word_1_20' title='bbox 481 947 589 1011; x_wconf 80' lang='lat' dir='ltr'><strong>vere.“</strong></span> <span class='ocrx_word' id='word_1_21' title='bbox 611 947 728 1031; x_wconf 80' lang='lat' dir='ltr'><strong>Quare,</strong></span> <span class='ocrx_word' id='word_1_22' title='bbox 747 946 952 1012; x_wconf 83' lang='lat' dir='ltr'><strong>similitudine</strong></span> <span class='ocrx_word' id='word_1_23' title='bbox 967 957 1071 1012; x_wconf 91' lang='lat' dir='ltr'><strong>motus</strong></span> <span class='ocrx_word' id='word_1_24' title='bbox 1084 971 1117 1012; x_wconf 85' lang='lat' dir='ltr'><strong>v.</strong></span> <span class='ocrx_word' id='word_1_25' title='bbox 1132 948 1192 1031; x_wconf 82' lang='lat'><strong>33,</strong></span> <span class='ocrx_word' id='word_1_26' title='bbox 1210 948 1256 1011; x_wconf 88' lang='lat' dir='ltr'><strong>sic</strong></span> <span class='ocrx_word' id='word_1_27' title='bbox 1274 951 1419 1015; x_wconf 86' lang='lat' dir='ltr'><strong>coniicit:</strong></span> <span class='ocrx_word' id='word_1_28' title='bbox 1436 974 1529 1035; x_wconf 80' lang='lat' dir='ltr'><strong>qaam</strong></span> 
     </span>
     <span class='ocr_line' id='line_1_4' title="bbox 481 1044 1529 1132; baseline 0.005 -24"><span class='ocrx_word' id='word_1_29' title='bbox 481 1047 598 1109; x_wconf 77' lang='lat' dir='ltr'><strong>cunett‘a</strong></span> <span class='ocrx_word' id='word_1_30' title='bbox 618 1048 676 1110; x_wconf 80' lang='lat' dir='ltr'><strong>illu</strong></span> <span class='ocrx_word' id='word_1_31' title='bbox 699 1046 833 1109; x_wconf 74' lang='lat' dir='ltr'><strong>deorum</strong></span> <span class='ocrx_word' id='word_1_32' title='bbox 861 1045 915 1109; x_wconf 84' lang='lat' dir='ltr'><strong>Ad</strong></span> <span class='ocrx_word' id='word_1_33' title='bbox 935 1044 1021 1109; x_wconf 88' lang='lat' dir='ltr'><strong>hanc</strong></span> <span class='ocrx_word' id='word_1_34' title='bbox 1042 1048 1264 1132; x_wconf 88' lang='lat' dir='ltr'><strong>quaestionem</strong></span> <span class='ocrx_word' id='word_1_35' title='bbox 1285 1046 1529 1113; x_wconf 89' lang='lat' dir='ltr'><strong>diiudicandam</strong></span> 
     </span>
     <span class='ocr_line' id='line_1_5' title="bbox 482 1143 1529 1230; baseline 0.004 -22"><span class='ocrx_word' id='word_1_36' title='bbox 482 1146 597 1209; x_wconf 88' lang='lat' dir='ltr'><strong>summi</strong></span> <span class='ocrx_word' id='word_1_37' title='bbox 622 1146 776 1209; x_wconf 86' lang='lat' dir='ltr'><strong>momenti</strong></span> <span class='ocrx_word' id='word_1_38' title='bbox 804 1155 878 1209; x_wconf 89' lang='lat' dir='ltr'><strong>sunt</strong></span> <span class='ocrx_word' id='word_1_39' title='bbox 905 1143 969 1208; x_wconf 92' lang='lat' dir='ltr'><strong>duo</strong></span> <span class='ocrx_word' id='word_1_40' title='bbox 990 1167 1102 1209; x_wconf 88' lang='lat' dir='ltr'><strong>versus</strong></span> <span class='ocrx_word' id='word_1_41' title='bbox 1124 1144 1326 1230; x_wconf 82' lang='lat' dir='ltr'><strong>Callimachi,</strong></span> <span class='ocrx_word' id='word_1_42' title='bbox 1355 1148 1445 1211; x_wconf 88' lang='lat' dir='ltr'><strong>cuius</strong></span> <span class='ocrx_word' id='word_1_43' title='bbox 1466 1148 1529 1212; x_wconf 85' lang='lat' dir='ltr'><strong>hoe</strong></span> 
     </span>
     <span class='ocr_line' id='line_1_6' title="bbox 482 1242 1529 1329; baseline 0.004 -22"><span class='ocrx_word' id='word_1_44' title='bbox 482 1266 625 1327; x_wconf 87' lang='lat' dir='ltr'><strong>carmen,</strong></span> <span class='ocrx_word' id='word_1_45' title='bbox 649 1243 737 1329; x_wconf 93' lang='lat' dir='ltr'><strong>quod</strong></span> <span class='ocrx_word' id='word_1_46' title='bbox 751 1252 800 1308; x_wconf 90' lang='lat' dir='ltr'><strong>est</strong></span> <span class='ocrx_word' id='word_1_47' title='bbox 815 1242 856 1306; x_wconf 92' lang='lat' dir='ltr'><strong>de</strong></span> <span class='ocrx_word' id='word_1_48' title='bbox 872 1266 966 1308; x_wconf 89' lang='lat' dir='ltr'><strong>coma</strong></span> <span class='ocrx_word' id='word_1_49' title='bbox 979 1243 1168 1327; x_wconf 80' lang='lat' dir='ltr'><strong>Berenices,</strong></span> <span class='ocrx_word' id='word_1_50' title='bbox 1192 1242 1334 1309; x_wconf 84' lang='lat' dir='ltr'><strong>Catullus</strong></span> <span class='ocrx_word' id='word_1_51' title='bbox 1350 1247 1418 1311; x_wconf 90' lang='lat' dir='ltr'><strong>sive</strong></span> <span class='ocrx_word' id='word_1_52' title='bbox 1432 1247 1529 1311; x_wconf 85' lang='lat' dir='ltr'><strong>vertit</strong></span> 
     </span>
     <span class='ocr_line' id='line_1_7' title="bbox 481 1341 1529 1429; baseline 0.002 -22"><span class='ocrx_word' id='word_1_53' title='bbox 481 1344 550 1407; x_wconf 90' lang='lat' dir='ltr'><strong>sive</strong></span> <span class='ocrx_word' id='word_1_54' title='bbox 571 1344 713 1408; x_wconf 90' lang='lat' dir='ltr'><strong>imitatus</strong></span> <span class='ocrx_word' id='word_1_55' title='bbox 735 1352 792 1406; x_wconf 88' lang='lat' dir='ltr'><strong>est.</strong></span> <span class='ocrx_word' id='word_1_56' title='bbox 826 1344 996 1428; x_wconf 87' lang='lat' dir='ltr'><strong>Leguntur</strong></span> <span class='ocrx_word' id='word_1_57' title='bbox 1017 1354 1124 1407; x_wconf 90' lang='lat' dir='ltr'><strong>autem</strong></span> <span class='ocrx_word' id='word_1_58' title='bbox 1145 1341 1232 1429; x_wconf 87' lang='lat' dir='ltr'><strong>apud</strong></span> <span class='ocrx_word' id='word_1_59' title='bbox 1252 1342 1350 1408; x_wconf 92' lang='lat' dir='ltr'><strong>schol.</strong></span> <span class='ocrx_word' id='word_1_60' title='bbox 1371 1344 1414 1409; x_wconf 91' lang='lat' dir='ltr'><strong>ad</strong></span> <span class='ocrx_word' id='word_1_61' title='bbox 1435 1344 1529 1409; x_wconf 88' lang='lat' dir='ltr'><strong>Arati</strong></span> 
     </span>
     <span class='ocr_line' id='line_1_8' title="bbox 481 1441 1189 1527; baseline -0.001 -22"><span class='ocrx_word' id='word_1_62' title='bbox 481 1442 655 1506; x_wconf 88' lang='lat' dir='ltr'><strong>Phaenom.</strong></span> <span class='ocrx_word' id='word_1_63' title='bbox 677 1465 709 1506; x_wconf 84' lang='lat' dir='ltr'><strong>v.</strong></span> <span class='ocrx_word' id='word_1_64' title='bbox 734 1442 803 1505; x_wconf 94' lang='grc'><strong>146.</strong></span> <span class='ocrx_word' id='word_1_65' title='bbox 827 1441 872 1527; x_wconf 83' lang='lat' dir='ltr'><strong>(p.</strong></span> <span class='ocrx_word' id='word_1_66' title='bbox 895 1441 946 1505; x_wconf 83' lang='lat'><strong>64.</strong></span> <span class='ocrx_word' id='word_1_67' title='bbox 969 1441 998 1506; x_wconf 91' lang='grc'><strong>6.</strong></span> <span class='ocrx_word' id='word_1_68' title='bbox 1020 1441 1118 1525; x_wconf 88' lang='lat' dir='ltr'><strong>Bek.)</strong></span> <span class='ocrx_word' id='word_1_69' title='bbox 1140 1441 1189 1505; x_wconf 90' lang='lat' dir='ltr'><strong>hi:</strong></span> 
     </span>
    </p>

    <p class='ocr_par' dir='ltr' id='par_1_2' title="bbox 473 1540 1529 2515">
     <span class='ocr_line' id='line_1_9' title="bbox 564 1540 1351 1631; baseline 0.003 -26"><span class='ocrx_word' id='word_1_70' title='bbox 564 1540 624 1627; x_wconf 70' lang='grc' dir='ltr'><strong>ἠδὲ</strong></span> <span class='ocrx_word' id='word_1_71' title='bbox 646 1542 762 1606; x_wconf 82' lang='grc' dir='ltr'>Κόνων</span> <span class='ocrx_word' id='word_1_72' title='bbox 783 1542 925 1631; x_wconf 77' lang='grc' dir='ltr'><strong><em>ἔβλεψεν</em></strong></span> <span class='ocrx_word' id='word_1_73' title='bbox 946 1542 983 1606; x_wconf 73' lang='grc' dir='ltr'><strong>ἐν</strong></span> <span class='ocrx_word' id='word_1_74' title='bbox 1002 1540 1075 1625; x_wconf 76' lang='grc' dir='ltr'><strong><em>η’έρι</em></strong></span> <span class='ocrx_word' id='word_1_75' title='bbox 1096 1540 1153 1606; x_wconf 83' lang='grc' dir='ltr'><strong>τὸν</strong></span> <span class='ocrx_word' id='word_1_76' title='bbox 1174 1547 1351 1627; x_wconf 75' lang='grc' dir='ltr'><strong><em>Βερενίκης</em></strong></span> 
     </span>
     <span class='ocr_line' id='line_1_10' title="bbox 565 1640 1444 1725; baseline 0.002 -20"><span class='ocrx_word' id='word_1_77' title='bbox 565 1642 758 1724; x_wconf 77' lang='grc' dir='ltr'><strong><em>βόστρυχον,</em></strong></span> <span class='ocrx_word' id='word_1_78' title='bbox 783 1640 847 1705; x_wconf 77' lang='grc' dir='ltr'><strong><em>ὄντ’</em></strong></span> <span class='ocrx_word' id='word_1_79' title='bbox 871 1642 938 1724; x_wconf 82' lang='grc' dir='ltr'><strong>ἄρα</strong></span> <span class='ocrx_word' id='word_1_80' title='bbox 959 1644 1047 1723; x_wconf 78' lang='grc' dir='ltr'><strong><em>κείνη</em></strong></span> <span class='ocrx_word' id='word_1_81' title='bbox 1068 1645 1152 1705; x_wconf 73' lang='grc' dir='ltr'><strong>πᾶσι</strong></span> <span class='ocrx_word' id='word_1_82' title='bbox 1173 1642 1274 1725; x_wconf 78' lang='grc' dir='ltr'><em>ἔθηκε</em></span> <span class='ocrx_word' id='word_1_83' title='bbox 1294 1648 1444 1707; x_wconf 68' lang='grc' dir='ltr'><strong><em>θεοῖσιν·</em></strong></span> 
     </span>
     <span class='ocr_line' id='line_1_11' title="bbox 482 1737 1528 1825; baseline 0.002 -22"><span class='ocrx_word' id='word_1_84' title='bbox 482 1740 530 1803; x_wconf 91' lang='lat' dir='ltr'><strong>sic</strong></span> <span class='ocrx_word' id='word_1_85' title='bbox 550 1738 637 1822; x_wconf 89' lang='lat' dir='ltr'><strong>libri,</strong></span> <span class='ocrx_word' id='word_1_86' title='bbox 660 1759 742 1825; x_wconf 90' lang='lat' dir='ltr'><strong>quae</strong></span> <span class='ocrx_word' id='word_1_87' title='bbox 761 1738 905 1803; x_wconf 88' lang='lat' dir='ltr'><strong>Muretus</strong></span> <span class='ocrx_word' id='word_1_88' title='bbox 926 1747 957 1802; x_wconf 93' lang='lat' dir='ltr'><strong>et</strong></span> <span class='ocrx_word' id='word_1_89' title='bbox 976 1737 1140 1802; x_wconf 84' lang='lat' dir='ltr'><strong>Bentleius</strong></span> <span class='ocrx_word' id='word_1_90' title='bbox 1163 1739 1210 1803; x_wconf 91' lang='lat' dir='ltr'><strong>sic</strong></span> <span class='ocrx_word' id='word_1_91' title='bbox 1232 1740 1440 1825; x_wconf 78' lang='lat' dir='ltr'><strong>scripseruntt</strong></span> <span class='ocrx_word' id='word_1_92' title='bbox 1464 1742 1528 1824; x_wconf 85' lang='grc' dir='ltr'><strong>βό-</strong></span> 
     </span>
     <span class='ocr_line' id='line_1_12' title="bbox 483 1838 1529 1923; baseline -0.001 -20"><span class='ocrx_word' id='word_1_93' title='bbox 483 1857 620 1923; x_wconf 79' lang='grc' dir='ltr'><strong><em>σιροχον</em></strong></span> <span class='ocrx_word' id='word_1_94' title='bbox 641 1838 681 1903; x_wconf 77' lang='grc' dir='ltr'><strong>ὃν</strong></span> <span class='ocrx_word' id='word_1_95' title='bbox 702 1842 790 1921; x_wconf 75' lang='grc' dir='ltr'><strong><em>κείνη</em></strong></span> <span class='ocrx_word' id='word_1_96' title='bbox 812 1843 916 1903; x_wconf 74' lang='grc' dir='ltr'><strong><em>πᾶσιν</em></strong></span> <span class='ocrx_word' id='word_1_97' title='bbox 937 1839 1038 1922; x_wconf 72' lang='grc' dir='ltr'><em>ἔθηκε</em></span> <span class='ocrx_word' id='word_1_98' title='bbox 1058 1843 1164 1913; x_wconf 60' lang='lat' dir='ltr'><strong>duola.</strong></span> <span class='ocrx_word' id='word_1_99' title='bbox 1208 1838 1302 1901; x_wconf 86' lang='lat' dir='ltr'><strong>Haec</strong></span> <span class='ocrx_word' id='word_1_100' title='bbox 1323 1839 1351 1902; x_wconf 93' lang='lat' dir='ltr'><strong>si</strong></span> <span class='ocrx_word' id='word_1_101' title='bbox 1372 1860 1444 1903; x_wconf 85' lang='lat' dir='ltr'><strong>cum</strong></span> <span class='ocrx_word' id='word_1_102' title='bbox 1466 1838 1529 1902; x_wconf 83' lang='lat' dir='ltr'><strong>Ca·</strong></span> 
     </span>
     <span class='ocr_line' id='line_1_13' title="bbox 473 1935 1529 2021; baseline 0 -20"><span class='ocrx_word' id='word_1_103' title='bbox 473 1936 550 2001; x_wconf 85' lang='lat' dir='ltr'><strong>tulli</strong></span> <span class='ocrx_word' id='word_1_104' title='bbox 566 1960 596 2000; x_wconf 90' lang='lat' dir='ltr'><strong>v.</strong></span> <span class='ocrx_word' id='word_1_105' title='bbox 614 1936 725 1999; x_wconf 79' lang='lat'><strong>7-10.</strong></span> <span class='ocrx_word' id='word_1_106' title='bbox 743 1935 888 1999; x_wconf 88' lang='lat' dir='ltr'><strong>conferes</strong></span> <span class='ocrx_word' id='word_1_107' title='bbox 894 1985 902 2018; x_wconf 97' lang='lat'><strong>,</strong></span> <span class='ocrx_word' id='word_1_108' title='bbox 919 1935 1060 2019; x_wconf 87' lang='lat' dir='ltr'><strong>videbis,</strong></span> <span class='ocrx_word' id='word_1_109' title='bbox 1078 1957 1173 2021; x_wconf 88' lang='lat' dir='ltr'><strong>quam</strong></span> <span class='ocrx_word' id='word_1_110' title='bbox 1190 1937 1217 2000; x_wconf 93' lang='lat' dir='ltr'><strong>is</strong></span> <span class='ocrx_word' id='word_1_111' title='bbox 1234 1935 1335 2002; x_wconf 90' lang='lat' dir='ltr'><strong>libere</strong></span> <span class='ocrx_word' id='word_1_112' title='bbox 1350 1957 1418 2000; x_wconf 90' lang='lat' dir='ltr'><strong>rem</strong></span> <span class='ocrx_word' id='word_1_113' title='bbox 1435 1956 1529 2001; x_wconf 85' lang='lat' dir='ltr'><strong>suam</strong></span> 
     </span>
     <span class='ocr_line' id='line_1_14' title="bbox 482 2033 1529 2120; baseline 0.002 -23"><span class='ocrx_word' id='word_1_114' title='bbox 482 2036 599 2119; x_wconf 89' lang='lat' dir='ltr'><strong>egerit,</strong></span> <span class='ocrx_word' id='word_1_115' title='bbox 620 2034 805 2117; x_wconf 89' lang='lat' dir='ltr'><strong>mutaverit,</strong></span> <span class='ocrx_word' id='word_1_116' title='bbox 828 2035 968 2115; x_wconf 81' lang='lat' dir='ltr'><strong>auxerit3</strong></span> <span class='ocrx_word' id='word_1_117' title='bbox 995 2033 1145 2120; x_wconf 88' lang='lat' dir='ltr'><strong>idemque</strong></span> <span class='ocrx_word' id='word_1_118' title='bbox 1166 2034 1242 2100; x_wconf 88' lang='lat' dir='ltr'><strong>lieet</strong></span> <span class='ocrx_word' id='word_1_119' title='bbox 1261 2034 1373 2101; x_wconf 81' lang='lat' dir='ltr'><strong>videre</strong></span> <span class='ocrx_word' id='word_1_120' title='bbox 1394 2036 1429 2099; x_wconf 91' lang='lat' dir='ltr'><strong>in</strong></span> <span class='ocrx_word' id='word_1_121' title='bbox 1451 2035 1529 2099; x_wconf 82' lang='lat' dir='ltr'><strong>duo</strong></span> 
     </span>
     <span class='ocr_line' id='line_1_15' title="bbox 481 2131 1529 2220; baseline 0.001 -23"><span class='ocrx_word' id='word_1_122' title='bbox 481 2132 542 2197; x_wconf 89' lang='lat' dir='ltr'><strong>bus</strong></span> <span class='ocrx_word' id='word_1_123' title='bbox 568 2132 700 2219; x_wconf 91' lang='lat' dir='ltr'><strong>reliquis</strong></span> <span class='ocrx_word' id='word_1_124' title='bbox 727 2133 878 2197; x_wconf 86' lang='lat' dir='ltr'><strong>carminis</strong></span> <span class='ocrx_word' id='word_1_125' title='bbox 900 2131 1101 2198; x_wconf 86' lang='lat' dir='ltr'><strong>Callimachii</strong></span> <span class='ocrx_word' id='word_1_126' title='bbox 1125 2133 1327 2219; x_wconf 81' lang='lat' dir='ltr'><strong>fragmentis,</strong></span> <span class='ocrx_word' id='word_1_127' title='bbox 1354 2156 1436 2220; x_wconf 89' lang='lat' dir='ltr'><strong>quae</strong></span> <span class='ocrx_word' id='word_1_128' title='bbox 1458 2133 1529 2199; x_wconf 85' lang='lat' dir='ltr'><strong>sola</strong></span> 
     </span>
     <span class='ocr_line' id='line_1_16' title="bbox 482 2230 1528 2318; baseline 0.003 -22"><span class='ocrx_word' id='word_1_129' title='bbox 482 2242 665 2318; x_wconf 85' lang='lat' dir='ltr'><strong>supersunt,</strong></span> <span class='ocrx_word' id='word_1_130' title='bbox 687 2230 851 2296; x_wconf 86' lang='lat' dir='ltr'><strong>videlicet:</strong></span> <span class='ocrx_word' id='word_1_131' title='bbox 881 2281 971 2309; x_wconf 85' lang='lat'><strong>....</strong></span> <span class='ocrx_word' id='word_1_132' title='bbox 995 2233 1163 2315; x_wconf 76' lang='grc' dir='ltr'><strong><em>Χαλύβων</em></strong></span> <span class='ocrx_word' id='word_1_133' title='bbox 1185 2232 1229 2308; x_wconf 72' lang='grc' dir='ltr'><strong>ὥς</strong></span> <span class='ocrx_word' id='word_1_134' title='bbox 1250 2232 1411 2299; x_wconf 75' lang='grc' dir='ltr'><strong><em>α’πόλοιτο</em></strong></span> <span class='ocrx_word' id='word_1_135' title='bbox 1433 2238 1528 2314; x_wconf 77' lang='grc' dir='ltr'><strong><em>γένος</em></strong></span> 
     </span>
     <span class='ocr_line' id='line_1_17' title="bbox 481 2329 1497 2418; baseline -0.001 -22"><span class='ocrx_word' id='word_1_136' title='bbox 481 2333 623 2397; x_wconf 74' lang='grc' dir='ltr'><strong><em>Γειόθεν</em></strong></span> <span class='ocrx_word' id='word_1_137' title='bbox 644 2329 852 2408; x_wconf 78' lang='grc' dir='ltr'><strong><em>α’ντέλλοντα,</em></strong></span> <span class='ocrx_word' id='word_1_138' title='bbox 875 2332 978 2396; x_wconf 80' lang='grc' dir='ltr'><strong><em>κακὸν</em></strong></span> <span class='ocrx_word' id='word_1_139' title='bbox 1000 2331 1114 2418; x_wconf 80' lang='grc' dir='ltr'><strong><em>φυτόν,</em></strong></span> <span class='ocrx_word' id='word_1_140' title='bbox 1138 2339 1171 2397; x_wconf 77' lang='grc' dir='ltr'><strong>οἳ</strong></span> <span class='ocrx_word' id='word_1_141' title='bbox 1191 2355 1249 2415; x_wconf 80' lang='grc' dir='ltr'><strong>μιν</strong></span> <span class='ocrx_word' id='word_1_142' title='bbox 1270 2333 1435 2418; x_wconf 80' lang='grc' dir='ltr'><strong><em>ἔφηναν,“</em></strong></span> <span class='ocrx_word' id='word_1_143' title='bbox 1453 2342 1497 2396; x_wconf 89' lang='lat' dir='ltr'><strong>et:</strong></span> 
     </span>
     <span class='ocr_line' id='line_1_18' title="bbox 668 2431 1360 2515; baseline 0.003 -21"><span class='ocrx_word' id='word_1_144' title='bbox 668 2432 763 2515; x_wconf 71' lang='lat' dir='ltr'><strong>„Eq‘v</strong></span> <span class='ocrx_word' id='word_1_145' title='bbox 784 2456 818 2494; x_wconf 85' lang='grc' dir='ltr'><strong>τε</strong></span> <span class='ocrx_word' id='word_1_146' title='bbox 838 2431 951 2514; x_wconf 77' lang='grc' dir='ltr'><strong><em>κάρην,</em></strong></span> <span class='ocrx_word' id='word_1_147' title='bbox 975 2432 1089 2513; x_wconf 80' lang='grc' dir='ltr'><strong><em>ὤμοσα</em></strong></span> <span class='ocrx_word' id='word_1_148' title='bbox 1111 2432 1171 2496; x_wconf 86' lang='grc' dir='ltr'><strong>σόν</strong></span> <span class='ocrx_word' id='word_1_149' title='bbox 1193 2456 1225 2495; x_wconf 81' lang='grc' dir='ltr'><strong>τε</strong></span> <span class='ocrx_word' id='word_1_150' title='bbox 1246 2436 1360 2514; x_wconf 78' lang='grc' dir='ltr'><strong><em>βίον.“</em></strong></span> 
     </span>
    </p>

    <p class='ocr_par' dir='ltr' id='par_1_3' title="bbox 478 2528 1528 4001">
     <span class='ocr_line' id='line_1_19' title="bbox 481 2528 1527 2594; baseline 0.002 -2"><span class='ocrx_word' id='word_1_151' title='bbox 481 2528 521 2592; x_wconf 90' lang='lat' dir='ltr'><strong>cf.</strong></span> <span class='ocrx_word' id='word_1_152' title='bbox 541 2528 655 2593; x_wconf 91' lang='lat' dir='ltr'><strong>Catull.</strong></span> <span class='ocrx_word' id='word_1_153' title='bbox 678 2552 709 2593; x_wconf 88' lang='lat' dir='ltr'><strong>v.</strong></span> <span class='ocrx_word' id='word_1_154' title='bbox 725 2529 775 2593; x_wconf 88' lang='grc'><strong>48.</strong></span> <span class='ocrx_word' id='word_1_155' title='bbox 797 2528 848 2592; x_wconf 84' lang='grc'><strong>49.</strong></span> <span class='ocrx_word' id='word_1_156' title='bbox 872 2538 904 2592; x_wconf 90' lang='grc' dir='ltr'><strong>ο1</strong></span> <span class='ocrx_word' id='word_1_157' title='bbox 924 2552 955 2593; x_wconf 89' lang='lat' dir='ltr'><strong>v.</strong></span> <span class='ocrx_word' id='word_1_158' title='bbox 971 2529 1022 2593; x_wconf 89' lang='grc'><strong>40.</strong></span> <span class='ocrx_word' id='word_1_159' title='bbox 1049 2528 1128 2593; x_wconf 90' lang='lat' dir='ltr'><strong>Utut</strong></span> <span class='ocrx_word' id='word_1_160' title='bbox 1150 2528 1277 2594; x_wconf 89' lang='lat' dir='ltr'><strong>diverse</strong></span> <span class='ocrx_word' id='word_1_161' title='bbox 1298 2529 1444 2593; x_wconf 91' lang='lat' dir='ltr'><strong>iudicant</strong></span> <span class='ocrx_word' id='word_1_162' title='bbox 1464 2529 1527 2594; x_wconf 86' lang='lat' dir='ltr'><strong>viri</strong></span> 
     </span>
     <span class='ocr_line' id='line_1_20' title="bbox 481 2625 1526 2714; baseline 0.002 -25"><span class='ocrx_word' id='word_1_163' title='bbox 481 2626 569 2691; x_wconf 89' lang='lat' dir='ltr'><strong>docti</strong></span> <span class='ocrx_word' id='word_1_164' title='bbox 596 2626 636 2690; x_wconf 93' lang='lat' dir='ltr'><strong>de</strong></span> <span class='ocrx_word' id='word_1_165' title='bbox 662 2627 759 2691; x_wconf 91' lang='lat' dir='ltr'><strong>modo</strong></span> <span class='ocrx_word' id='word_1_166' title='bbox 786 2627 974 2690; x_wconf 84' lang='lat' dir='ltr'><strong>imitationis</strong></span> <span class='ocrx_word' id='word_1_167' title='bbox 1002 2626 1201 2691; x_wconf 88' lang='lat' dir='ltr'><strong>Catullianae</strong></span> <span class='ocrx_word' id='word_1_168' title='bbox 1232 2625 1288 2711; x_wconf 87' lang='lat' dir='ltr'><strong>(cf.</strong></span> <span class='ocrx_word' id='word_1_169' title='bbox 1315 2627 1435 2691; x_wconf 89' lang='lat' dir='ltr'><strong>Naekii</strong></span> <span class='ocrx_word' id='word_1_170' title='bbox 1462 2626 1526 2714; x_wconf 91' lang='lat' dir='ltr'><strong>Op.</strong></span> 
     </span>
     <span class='ocr_line' id='line_1_21' title="bbox 479 2724 1528 2813; baseline 0.001 -25"><span class='ocrx_word' id='word_1_171' title='bbox 479 2724 560 2789; x_wconf 92' lang='lat' dir='ltr'><strong>Phil.</strong></span> <span class='ocrx_word' id='word_1_172' title='bbox 582 2724 617 2788; x_wconf 89' lang='lat' dir='ltr'>H</span> <span class='ocrx_word' id='word_1_173' title='bbox 636 2748 667 2810; x_wconf 93' lang='lat' dir='ltr'><strong>p.</strong></span> <span class='ocrx_word' id='word_1_174' title='bbox 692 2725 787 2810; x_wconf 64' lang='lat'><strong>162),</strong></span> <span class='ocrx_word' id='word_1_175' title='bbox 813 2725 876 2788; x_wconf 93' lang='lat' dir='ltr'><strong>hoc</strong></span> <span class='ocrx_word' id='word_1_176' title='bbox 898 2747 940 2788; x_wconf 88' lang='lat' dir='ltr'><strong>ex</strong></span> <span class='ocrx_word' id='word_1_177' title='bbox 961 2724 1087 2789; x_wconf 90' lang='lat' dir='ltr'><strong>illarum</strong></span> <span class='ocrx_word' id='word_1_178' title='bbox 1108 2725 1315 2812; x_wconf 88' lang='lat' dir='ltr'><strong>reliquiarum</strong></span> <span class='ocrx_word' id='word_1_179' title='bbox 1335 2736 1451 2790; x_wconf 89' lang='lat' dir='ltr'><strong>natura</strong></span> <span class='ocrx_word' id='word_1_180' title='bbox 1473 2746 1528 2813; x_wconf 88' lang='lat' dir='ltr'><strong>ap-</strong></span> 
     </span>
     <span class='ocr_line' id='line_1_22' title="bbox 479 2822 1527 2909; baseline 0.003 -22"><span class='ocrx_word' id='word_1_181' title='bbox 479 2845 595 2909; x_wconf 89' lang='lat' dir='ltr'><strong>parere</strong></span> <span class='ocrx_word' id='word_1_182' title='bbox 621 2832 713 2909; x_wconf 93' lang='lat' dir='ltr'><strong>puto,</strong></span> <span class='ocrx_word' id='word_1_183' title='bbox 742 2824 817 2909; x_wconf 87' lang='lat' dir='ltr'><strong>quia</strong></span> <span class='ocrx_word' id='word_1_184' title='bbox 839 2822 1055 2888; x_wconf 78' lang='lat' dir='ltr'><strong>Callimachus</strong></span> <span class='ocrx_word' id='word_1_185' title='bbox 1082 2825 1245 2909; x_wconf 88' lang='lat' dir='ltr'><strong>scripserit</strong></span> <span class='ocrx_word' id='word_1_186' title='bbox 1266 2830 1377 2901; x_wconf 72' lang='lat' dir='ltr'><strong>„noim</strong></span> <span class='ocrx_word' id='word_1_187' title='bbox 1398 2830 1527 2909; x_wconf 73' lang='grc' dir='ltr'><strong><em>θεοτς“,</em></strong></span> 
     </span>
     <span class='ocr_line' id='line_1_23' title="bbox 480 2922 1528 3009; baseline 0.002 -24"><span class='ocrx_word' id='word_1_188' title='bbox 480 2922 554 2985; x_wconf 91' lang='lat' dir='ltr'><strong>ideo</strong></span> <span class='ocrx_word' id='word_1_189' title='bbox 586 2923 717 2986; x_wconf 90' lang='lat' dir='ltr'><strong>minime</strong></span> <span class='ocrx_word' id='word_1_190' title='bbox 745 2922 905 2987; x_wconf 92' lang='lat' dir='ltr'><strong>Catullum</strong></span> <span class='ocrx_word' id='word_1_191' title='bbox 933 2943 1060 3009; x_wconf 90' lang='lat' dir='ltr'><strong>quoque</strong></span> <span class='ocrx_word' id='word_1_192' title='bbox 1088 2924 1204 2987; x_wconf 66' lang='lat' dir='ltr'><strong>cundia</strong></span> <span class='ocrx_word' id='word_1_193' title='bbox 1231 2922 1357 2987; x_wconf 77' lang='lat' dir='ltr'><strong>deorum</strong></span> <span class='ocrx_word' id='word_1_194' title='bbox 1384 2922 1528 2988; x_wconf 85' lang='lat' dir='ltr'><strong>scribere</strong></span> 
     </span>
     <span class='ocr_line' id='line_1_24' title="bbox 481 3020 1527 3109; baseline 0.001 -24"><span class='ocrx_word' id='word_1_195' title='bbox 481 3020 640 3086; x_wconf 87' lang='lat' dir='ltr'><strong>debuisse.</strong></span> <span class='ocrx_word' id='word_1_196' title='bbox 680 3021 767 3102; x_wconf 80' lang='lat' dir='ltr'><strong>Quid</strong></span> <span class='ocrx_word' id='word_1_197' title='bbox 788 3021 876 3109; x_wconf 89' lang='lat' dir='ltr'><strong>quod</strong></span> <span class='ocrx_word' id='word_1_198' title='bbox 896 3043 1009 3087; x_wconf 88' lang='lat' dir='ltr'><strong>versus</strong></span> <span class='ocrx_word' id='word_1_199' title='bbox 1030 3022 1159 3087; x_wconf 88' lang='lat' dir='ltr'><strong>alterius</strong></span> <span class='ocrx_word' id='word_1_200' title='bbox 1181 3023 1327 3108; x_wconf 89' lang='lat' dir='ltr'><strong>quumvis</strong></span> <span class='ocrx_word' id='word_1_201' title='bbox 1348 3022 1431 3087; x_wconf 83' lang='lat' dir='ltr'><strong>falsa</strong></span> <span class='ocrx_word' id='word_1_202' title='bbox 1453 3044 1527 3086; x_wconf 92' lang='lat' dir='ltr'><strong>con-</strong></span> 
     </span>
     <span class='ocr_line' id='line_1_25' title="bbox 480 3120 1526 3209; baseline 0 -24"><span class='ocrx_word' id='word_1_203' title='bbox 480 3122 601 3208; x_wconf 87' lang='lat' dir='ltr'><strong>ceptio,</strong></span> <span class='ocrx_word' id='word_1_204' title='bbox 629 3121 731 3209; x_wconf 90' lang='lat' dir='ltr'><strong>qualis</strong></span> <span class='ocrx_word' id='word_1_205' title='bbox 754 3132 801 3186; x_wconf 83' lang='lat' dir='ltr'><strong>est</strong></span> <span class='ocrx_word' id='word_1_206' title='bbox 822 3123 856 3185; x_wconf 90' lang='lat' dir='ltr'><strong>in</strong></span> <span class='ocrx_word' id='word_1_207' title='bbox 878 3120 1057 3206; x_wconf 91' lang='lat' dir='ltr'><strong>codicibus,</strong></span> <span class='ocrx_word' id='word_1_208' title='bbox 1080 3121 1158 3185; x_wconf 91' lang='lat' dir='ltr'><strong>mihi</strong></span> <span class='ocrx_word' id='word_1_209' title='bbox 1180 3123 1395 3208; x_wconf 89' lang='lat' dir='ltr'><strong>suspicionem</strong></span> <span class='ocrx_word' id='word_1_210' title='bbox 1415 3122 1526 3205; x_wconf 84' lang='lat' dir='ltr'><strong>movit,</strong></span> 
     </span>
     <span class='ocr_line' id='line_1_26' title="bbox 480 3220 1527 3307; baseline -0.001 -23"><span class='ocrx_word' id='word_1_211' title='bbox 480 3243 518 3284; x_wconf 95' lang='lat' dir='ltr'><strong>eo</strong></span> <span class='ocrx_word' id='word_1_212' title='bbox 540 3243 606 3284; x_wconf 91' lang='lat' dir='ltr'><strong>non</strong></span> <span class='ocrx_word' id='word_1_213' title='bbox 623 3222 741 3307; x_wconf 91' lang='lat' dir='ltr'><strong>respici</strong></span> <span class='ocrx_word' id='word_1_214' title='bbox 757 3220 800 3285; x_wconf 92' lang='lat' dir='ltr'><strong>ad</strong></span> <span class='ocrx_word' id='word_1_215' title='bbox 817 3220 931 3286; x_wconf 84' lang='lat' dir='ltr'><strong>Catull.</strong></span> <span class='ocrx_word' id='word_1_216' title='bbox 949 3245 979 3285; x_wconf 92' lang='lat' dir='ltr'><strong>v.</strong></span> <span class='ocrx_word' id='word_1_217' title='bbox 998 3221 1037 3304; x_wconf 87' lang='grc'><strong>9.,</strong></span> <span class='ocrx_word' id='word_1_218' title='bbox 1055 3220 1113 3286; x_wconf 89' lang='lat' dir='ltr'><strong>sed</strong></span> <span class='ocrx_word' id='word_1_219' title='bbox 1127 3244 1158 3285; x_wconf 89' lang='lat' dir='ltr'><strong>v.</strong></span> <span class='ocrx_word' id='word_1_220' title='bbox 1177 3221 1237 3304; x_wconf 81' lang='lat'><strong>33,</strong></span> <span class='ocrx_word' id='word_1_221' title='bbox 1260 3222 1527 3305; x_wconf 88' lang='lat' dir='ltr'><strong>commissamque</strong></span> 
     </span>
     <span class='ocr_line' id='line_1_27' title="bbox 480 3317 1527 3399; baseline 0.001 -17"><span class='ocrx_word' id='word_1_222' title='bbox 480 3340 550 3382; x_wconf 89' lang='lat' dir='ltr'><strong>esse</strong></span> <span class='ocrx_word' id='word_1_223' title='bbox 572 3340 592 3381; x_wconf 92' lang='lat' dir='ltr'><strong>a</strong></span> <span class='ocrx_word' id='word_1_224' title='bbox 614 3318 786 3384; x_wconf 87' lang='lat' dir='ltr'><strong>scholiasta</strong></span> <span class='ocrx_word' id='word_1_225' title='bbox 808 3320 993 3383; x_wconf 89' lang='lat' dir='ltr'><strong>memoriter</strong></span> <span class='ocrx_word' id='word_1_226' title='bbox 1014 3317 1133 3384; x_wconf 84' lang='lat' dir='ltr'><strong>citante</strong></span> <span class='ocrx_word' id='word_1_227' title='bbox 1155 3319 1399 3384; x_wconf 83' lang='lat' dir='ltr'><strong>confusionem?</strong></span> <span class='ocrx_word' id='word_1_228' title='bbox 1428 3318 1527 3399; x_wconf 82' lang='lat' dir='ltr'><strong>Quod</strong></span> 
     </span>
     <span class='ocr_line' id='line_1_28' title="bbox 480 3417 1527 3503; baseline 0.003 -24"><span class='ocrx_word' id='word_1_229' title='bbox 480 3418 507 3480; x_wconf 87' lang='lat' dir='ltr'><strong>si</strong></span> <span class='ocrx_word' id='word_1_230' title='bbox 520 3439 586 3480; x_wconf 91' lang='lat' dir='ltr'><strong>non</strong></span> <span class='ocrx_word' id='word_1_231' title='bbox 602 3418 776 3500; x_wconf 87' lang='lat' dir='ltr'><strong>statuimus,</strong></span> <span class='ocrx_word' id='word_1_232' title='bbox 794 3427 907 3503; x_wconf 89' lang='lat' dir='ltr'><strong>aperte</strong></span> <span class='ocrx_word' id='word_1_233' title='bbox 923 3417 1168 3482; x_wconf 88' lang='lat' dir='ltr'><strong>concedendum</strong></span> <span class='ocrx_word' id='word_1_234' title='bbox 1182 3428 1239 3501; x_wconf 90' lang='lat' dir='ltr'><strong>est,</strong></span> <span class='ocrx_word' id='word_1_235' title='bbox 1254 3420 1317 3482; x_wconf 91' lang='lat' dir='ltr'><strong>nisi</strong></span> <span class='ocrx_word' id='word_1_236' title='bbox 1332 3418 1527 3483; x_wconf 76' lang='lat' dir='ltr'><strong>scholiasten</strong></span> 
     </span>
     <span class='ocr_line' id='line_1_29' title="bbox 479 3514 1526 3604; baseline 0.001 -25"><span class='ocrx_word' id='word_1_237' title='bbox 479 3516 600 3602; x_wconf 90' lang='lat' dir='ltr'><strong>aliquot</strong></span> <span class='ocrx_word' id='word_1_238' title='bbox 621 3537 733 3579; x_wconf 85' lang='lat' dir='ltr'><strong>versus</strong></span> <span class='ocrx_word' id='word_1_239' title='bbox 756 3516 900 3579; x_wconf 88' lang='lat' dir='ltr'><strong>omisisse</strong></span> <span class='ocrx_word' id='word_1_240' title='bbox 923 3537 995 3579; x_wconf 90' lang='lat' dir='ltr'><strong>cum</strong></span> <span class='ocrx_word' id='word_1_241' title='bbox 1015 3514 1234 3580; x_wconf 86' lang='lat' dir='ltr'><strong>Valckenario</strong></span> <span class='ocrx_word' id='word_1_242' title='bbox 1256 3518 1443 3604; x_wconf 87' lang='lat' dir='ltr'><strong>suspiceris,</strong></span> <span class='ocrx_word' id='word_1_243' title='bbox 1466 3517 1526 3581; x_wconf 84' lang='lat' dir='ltr'><strong>Ca&#39;-</strong></span> 
     </span>
     <span class='ocr_line' id='line_1_30' title="bbox 478 3613 1524 3702; baseline -0.001 -21"><span class='ocrx_word' id='word_1_244' title='bbox 478 3615 590 3681; x_wconf 93' lang='lat' dir='ltr'><strong>tullum</strong></span> <span class='ocrx_word' id='word_1_245' title='bbox 622 3613 702 3678; x_wconf 90' lang='lat' dir='ltr'><strong>duos</strong></span> <span class='ocrx_word' id='word_1_246' title='bbox 734 3635 845 3679; x_wconf 87' lang='lat' dir='ltr'><strong>versus</strong></span> <span class='ocrx_word' id='word_1_247' title='bbox 873 3613 1100 3698; x_wconf 78' lang='lat' dir='ltr'><strong>Callimachios</strong></span> <span class='ocrx_word' id='word_1_248' title='bbox 1132 3625 1282 3702; x_wconf 90' lang='lat' dir='ltr'><strong>quattuor</strong></span> <span class='ocrx_word' id='word_1_249' title='bbox 1311 3617 1356 3701; x_wconf 83' lang='lat'><strong>(.</strong></span> <span class='ocrx_word' id='word_1_250' title='bbox 1386 3616 1524 3699; x_wconf 82' lang='grc'><strong>1.-10.)</strong></span> 
     </span>
     <span class='ocr_line' id='line_1_31' title="bbox 479 3712 1523 3801; baseline -0.003 -23"><span class='ocrx_word' id='word_1_251' title='bbox 479 3713 668 3797; x_wconf 89' lang='lat' dir='ltr'><strong>reddidisse,</strong></span> <span class='ocrx_word' id='word_1_252' title='bbox 689 3735 785 3799; x_wconf 91' lang='lat' dir='ltr'><strong>quam</strong></span> <span class='ocrx_word' id='word_1_253' title='bbox 801 3713 950 3801; x_wconf 91' lang='lat' dir='ltr'><strong>equidem</strong></span> <span class='ocrx_word' id='word_1_254' title='bbox 964 3712 1146 3779; x_wconf 89' lang='lat' dir='ltr'><strong>libertatem</strong></span> <span class='ocrx_word' id='word_1_255' title='bbox 1161 3717 1238 3781; x_wconf 88' lang='lat' dir='ltr'><strong>satis</strong></span> <span class='ocrx_word' id='word_1_256' title='bbox 1253 3715 1422 3781; x_wconf 90' lang='lat' dir='ltr'><strong>ostendere</strong></span> <span class='ocrx_word' id='word_1_257' title='bbox 1436 3722 1523 3797; x_wconf 90' lang='lat' dir='ltr'><strong>puto,</strong></span> 
     </span>
     <span class='ocr_line' id='line_1_32' title="bbox 480 3811 1524 3901; baseline -0.002 -24"><span class='ocrx_word' id='word_1_258' title='bbox 480 3836 575 3900; x_wconf 92' lang='lat' dir='ltr'><strong>quam</strong></span> <span class='ocrx_word' id='word_1_259' title='bbox 596 3836 709 3899; x_wconf 84' lang='lat' dir='ltr'><strong>parum</strong></span> <span class='ocrx_word' id='word_1_260' title='bbox 731 3815 827 3877; x_wconf 81' lang='lat' dir='ltr'><strong>anxie</strong></span> <span class='ocrx_word' id='word_1_261' title='bbox 848 3814 992 3879; x_wconf 89' lang='lat' dir='ltr'><strong>Catullus</strong></span> <span class='ocrx_word' id='word_1_262' title='bbox 1011 3815 1045 3877; x_wconf 89' lang='lat' dir='ltr'><strong>in</strong></span> <span class='ocrx_word' id='word_1_263' title='bbox 1065 3815 1198 3901; x_wconf 86' lang='lat' dir='ltr'><strong>singulis</strong></span> <span class='ocrx_word' id='word_1_264' title='bbox 1217 3813 1325 3879; x_wconf 89' lang='lat' dir='ltr'><strong>verbis</strong></span> <span class='ocrx_word' id='word_1_265' title='bbox 1346 3811 1524 3897; x_wconf 89' lang='lat' dir='ltr'><strong>exprimen-</strong></span> 
     </span>
     <span class='ocr_line' id='line_1_33' title="bbox 479 3912 1524 4001; baseline -0.001 -24"><span class='ocrx_word' id='word_1_266' title='bbox 479 3913 529 3977; x_wconf 91' lang='lat' dir='ltr'><strong>dis</strong></span> <span class='ocrx_word' id='word_1_267' title='bbox 555 3913 703 3977; x_wconf 85' lang='lat' dir='ltr'><strong>haeserit.</strong></span> <span class='ocrx_word' id='word_1_268' title='bbox 748 3913 845 3993; x_wconf 80' lang='lat' dir='ltr'><strong>Quod</strong></span> <span class='ocrx_word' id='word_1_269' title='bbox 872 3914 1010 4001; x_wconf 89' lang='lat' dir='ltr'><strong>denique</strong></span> <span class='ocrx_word' id='word_1_270' title='bbox 1033 3914 1192 4001; x_wconf 90' lang='lat' dir='ltr'><strong>Hauptius</strong></span> <span class='ocrx_word' id='word_1_271' title='bbox 1215 3912 1259 3976; x_wconf 89' lang='lat' dir='ltr'><strong>ad</strong></span> <span class='ocrx_word' id='word_1_272' title='bbox 1279 3912 1524 3997; x_wconf 84' lang='lat' dir='ltr'><strong>grammaticam</strong></span> 
     </span>
    </p>
   </div>
   <div class='ocr_carea' id='block_1_2' title="bbox 479 4009 1522 4193">
    <p class='ocr_par' dir='ltr' id='par_1_4' title="bbox 479 4009 1522 4193">
     <span class='ocr_line' id='line_1_34' title="bbox 479 4009 1522 4173; baseline 0 -98"><span class='ocrx_word' id='word_1_273' title='bbox 479 4022 682 4173; x_wconf 53' lang='lat' dir='ltr'><strong>{quqtqqam</strong></span> <span class='ocrx_word' id='word_1_274' title='bbox 717 4014 832 4078; x_wconf 73' lang='grc' dir='ltr'><strong><em>οααοιίο</em></strong></span> <span class='ocrx_word' id='word_1_275' title='bbox 865 4013 990 4077; x_wconf 58' lang='lat' dir='ltr'><strong>morum</strong></span> <span class='ocrx_word' id='word_1_276' title='bbox 1022 4011 1259 4078; x_wconf 87' lang='lat' dir='ltr'><strong>defendendam</strong></span> <span class='ocrx_word' id='word_1_277' title='bbox 1286 4032 1328 4074; x_wconf 84' lang='lat' dir='ltr'><strong>ex</strong></span> <span class='ocrx_word' id='word_1_278' title='bbox 1355 4009 1417 4076; x_wconf 88' lang='lat' dir='ltr'><strong>Ov.</strong></span> <span class='ocrx_word' id='word_1_279' title='bbox 1445 4011 1522 4075; x_wconf 89' lang='lat' dir='ltr'><strong>Met.</strong></span> 
     </span>
     <span class='ocr_line' id='line_1_35' title="bbox 525 4149 642 4193; baseline 0 -21"><span class='ocrx_word' id='word_1_280' title='bbox 525 4149 539 4193; x_wconf 86' lang='lat'><strong>,·</strong></span> <span class='ocrx_word' id='word_1_281' title='bbox 620 4159 642 4173; x_wconf 90' lang='lat'><strong>..</strong></span> 
     </span>
    </p>
   </div>
   <div class='ocr_carea' id='block_1_3' title="bbox 0 0 1700 4959">
    <p class='ocr_par' dir='ltr' id='par_1_5' title="bbox 0 0 1700 4959">
     <span class='ocr_line' id='line_1_36' title="bbox 0 0 1700 4959; baseline 0 0"><span class='ocrx_word' id='word_1_282' title='bbox 0 0 1700 4959; x_wconf 95' lang='lat' dir='ltr'><strong> </strong></span> 
     </span>
    </p>
   </div>
  </div>
 </body>
</html>
