3392 4959
825 529 946 601 4⁰¹

324 749 393 811 sive
416 769 434 810 e
457 745 623 811 codicibus
644 745 816 827 fluxerunt,
839 745 908 808 sive
929 766 971 807 ex
991 745 1123 828 ingenio
1143 746 1253 808 nescio
1275 746 1376 828 cuius,

324 849 418 911 unice
445 866 525 909 vera
552 844 645 908 duco.
688 843 773 906 Nam
800 854 983 908 nostrorum
1010 843 1159 906 codicum
1185 845 1296 908 multer
1321 842 1378 907 vel

323 960 422 1010 motor
453 945 505 1009 vel
535 943 649 1006 maline
675 964 734 1006 sua
764 963 798 1006 se
829 943 901 1027 ipsa
928 942 1127 1006 dissensione
1153 941 1296 1028 produnt
1321 964 1376 1006 ne

325 1068 400 1131 que,
428 1054 462 1108 ut
485 1042 568 1125 dixi,
598 1064 727 1105 sensum
747 1041 915 1127 praebent.
960 1042 1015 1104 Ex
1042 1040 1091 1104 his
1114 1052 1221 1105 autem
1244 1041 1376 1127 11031111-
1421 1096 1423 1100 1

325 1144 421 1208 nibus
449 1141 552 1206 verba
577 1141 682 1204 Mom's
708 1142 805 1204 biems
830 1142 940 1205 nescio
962 1140 1123 1226 quomodo
1146 1140 1284 1223 eliciam,
1312 1142 1376 1204 nisi

325 1241 446 1307 Catulli
467 1241 668 1326 archetypon
681 1241 870 1304 Veronense
889 1241 1066 1326 scripturae
1084 1239 1283 1325 compendiis
1301 1261 1376 1303 con-

324 1343 446 1406 fectum
471 1341 570 1404 fuisse
592 1349 783 1421 statuamuS,
810 1338 844 1401 id
868 1338 955 1423 quod
976 1340 1158 1423 suspicatur
1177 1339 1320 1423 Heysius
1342 1363 1374 1424 p.

326 1442 397 1505 279.
444 1439 552 1525 Atque
583 1439 665 1501 hacc
696 1437 826 1524 quidem
861 1447 938 1523 quot
968 1437 1088 1500 fuerint
1119 1438 1153 1500 in
1186 1437 1374 1519 charactere

327 1538 592 1624 Langobardico,
621 1538 775 1622 cognosci
801 1547 907 1622 potest
929 1558 971 1600 ex
992 1535 1114 1599 Hercei
1137 1534 1375 1600 81111111οΤ0οἰ-

325 1641 415 1721 tinis,
448 1639 503 1724 qui
534 1638 567 1699 in
599 1636 782 1700 huiusmodi
813 1658 865 1700 res
895 1635 1067 1721 diligenter
1094 1636 1274 1720 inquisivit,
1309 1657 1373 1721 quo

327 1738 458 1824 quidem
492 1747 623 1800 auctore
659 1735 702 1798 ad
737 1757 880 1820 unguem
915 1736 1022 1798 omnia
1054 1733 1148 1799 nobis
1182 1744 1373 1819 congruunt.

327 1838 413 1902 Nam
443 1837 477 1900 ri
506 1835 632 1920 syllaba
660 1834 906 1919 significabatur
930 1833 1059 1898 hamulo
1086 1832 1139 1897 vel
1166 1842 1312 1897 contorta
1337 1833 1373 1895 li-

326 1936 422 1999 neola
449 1933 472 2017 (³
497 1934 550 1997 vel
572 1967 606 1986 w
619 1934 647 2018 ),
687 1934 717 2017 (s
749 1933 840 1996 deest
874 1932 988 1997 Catull.
1016 1932 1136 2015 LXIV,
1163 1932 1249 1996 263.:
1282 1933 1376 1995 multi

326 2031 460 2096 Lachm.
482 2032 524 2096 D.
548 2032 586 2095 L.
612 2053 669 2117 pro
691 2033 824 2116 multia)
845 2032 972 2096 litterae
993 2041 1100 2095 autem
1120 2055 1151 2094 m
1173 2042 1204 2096 et
1224 2055 1249 2114 s,
1275 2041 1310 2096 ut
1331 2031 1373 2094 de

325 2131 381 2195 illa
403 2131 533 2217 quidem
553 2132 754 2195 notissimum
775 2141 836 2215 est,
864 2131 996 2213 lineola,
1024 2131 1064 2194 cf.
1087 2130 1129 2194 dc
1150 2130 1200 2216 his
1222 2129 1373 2194 omnibus

325 2231 491 2294 Heraeum
510 2254 542 2316 p.
566 2230 635 2295 153.
660 2231 729 2294 132.
754 2229 823 2295 135.
857 2230 912 2295 Sic
932 2230 1154 2316 relinquuntur
1174 2229 1300 2294 litterae
1318 2229 1375 2293 Ma

325 2330 387 2413 tie,
411 2352 428 2393 e
451 2330 565 2416 quibus
586 2340 730 2393 monstra
750 2329 805 2392 illa
825 2329 1001 2393 lectionum
1018 2330 1176 2414 originem
1192 2338 1370 2392 traxerunt.

326 2429 424 2508 Quod
445 2428 590 2493 additum
612 2438 660 2492 est
680 2454 700 2491 r
719 2429 754 2492 in
773 2429 898 2513 Mulier,
924 2438 1106 2513 corruptum
1127 2437 1204 2514 puto
1227 2451 1245 2491 e
1266 2428 1374 2492 littera

325 2552 343 2589 0
377 2530 538 2613 sequentis
564 2527 728 2611 vocabuli,
763 2549 846 2614 quac
874 2550 972 2612 quum
1002 2529 1037 2590 in
1065 2526 1158 2591 codd.
1188 2526 1374 2590 charactere

325 2625 577 2710 Langobardico
606 2627 747 2690 exaratis
773 2627 831 2689 vix
859 2625 998 2689 discerni
1025 2635 1157 2711 queant,
1184 2647 1282 2712 saepe
1302 2647 1375 2711 pcr-

325 2734 468 2788 mutatac
496 2735 582 2807 sunt,
611 2725 651 2788 cf.
679 2725 827 2788 Heraeus
854 2747 885 2810 p.
915 2723 985 2788 125.
1036 2726 1110 2788 Hoc
1136 2733 1244 2788 autem
1269 2726 1375 2810 ipsum

325 2823 520 2888 vocabulum
546 2823 681 2908 scaphas
706 2825 804 2886 miras
829 2845 961 2909 passum
987 2834 1036 2887 est
1064 2824 1303 2910 corruptionum
1328 2825 1375 2889 vi-

327 2922 539 3006 cissitudines,
562 2944 697 3008 quarum
714 2923 829 2985 seriem
846 2922 932 2985 hanc
949 2945 1019 2987 csse
1036 2933 1129 3009 puto:
1151 2945 1262 3008 nauco,
1284 2945 1371 3008 aves,

325 3021 418 3085 alites
441 3020 474 3105 (e
495 3022 629 3085 metrica
651 3021 888 3106 correctione),
916 3043 1010 3106 avos,
1038 3022 1131 3106 alios,
1155 3024 1255 3108 arios,
1278 3025 1372 3087 aries.

325 3121 430 3185 Nava
456 3120 536 3185 illud
562 3121 732 3208 dupliciter
757 3131 862 3185 ortum
889 3143 959 3185 esse
985 3131 1104 3207 potest,
1132 3132 1188 3186 aut
1215 3121 1375 3208 eglosse-

325 3230 425 3304 mate,
458 3231 513 3285 aut
545 3242 562 3283 e
595 3220 794 3305 singularum
823 3220 998 3298 litterarum
1031 3215 1244 3308 corruptione.
1287 3221 1372 3285 Illud

326 3317 740 3405 quamquamprobabilius
762 3319 919 3404 videatur,
941 3330 1050 3384 tamen
1071 3320 1133 3384 hoc
1155 3333 1282 3407 quoque
1304 3321 1375 3383 fieri

325 3419 437 3503 potuit.
476 3417 588 3504 Npro
610 3440 729 3480 0011011
750 3419 933 3502 miraberis,
963 3441 1060 3506 opro
1078 3420 1125 3505 pt
1145 3441 1211 3483 non
1233 3418 1375 3484 similitu-

326 3516 402 3579 dine
429 3517 512 3598 soni,
544 3515 630 3601 quod
657 3538 700 3579 ex
727 3539 782 3580 010
811 3517 961 3582 dictantis
988 3516 1144 3582 scribenti
1169 3517 1295 3580 facilius
1322 3539 1373 3580 ac-

325 3615 433 3679 cidere
454 3617 606 3701 potuerit,
634 3614 693 3678 sed
720 3617 767 3679 sic
795 3626 899 3681 ortum
926 3638 996 3681 esse
1023 3615 1194 3682 verisimile
1222 3625 1283 3697 est,
1310 3614 1373 3696 pri-

324 3739 413 3779 mum
434 3725 467 3779 ut
489 3715 509 3778 11
530 3714 704 3800 excideret,
731 3717 821 3781 cuius
841 3715 951 3780 mendi
974 3715 1123 3801 exempla
1145 3721 1231 3777 sunt:
1255 3707 1370 3772 Oatull.

325 3814 482 3907 LXVlH,
509 3815 575 3878 to:
609 3828 688 3878 corte
713 3815 848 3879 Lachm.
876 3816 918 3879 D.
948 3826 979 3880 et
1004 3837 1052 3901 pr.
1079 3815 1118 3878 L.
1147 3831 1220 3896 pro:
1255 3809 1373 3891 charta,

324 3915 444 3997 LXVI,
460 3914 528 3976 ta:
552 3914 672 3977 celsium
693 3915 734 3978 D.
750 3915 798 3998 L,
822 3917 930 3979 celtum
951 3912 1196 3993 Laurentianus,
1219 3909 1373 3981 caelorum

325 4036 439 4097 margo
460 4012 499 4077 L.
524 4034 596 4096 pro:
630 4011 795 4099 Chalybon.
845 4014 876 4076 V
891 4024 997 4078 autem
1018 4021 1090 4096 etp
1111 4011 1196 4074 inter
1218 4031 1252 4073 00
1274 4017 1375 4072 muta-

326 4121 431 4174 torum
452 4113 567 4176 mirum
590 4113 772 4198 exemplum
793 4112 949 4176 habemus
966 4109 1080 4176 Catull.
1098 4110 1210 4195 LXll,
1231 4110 1297 4192 20,
1320 4107 1375 4172 ubi
