3392 4959
834 513 854 582 7

746 598 945 608 -.-.----ι

324 750 419 814 quem
440 726 631 812 Spengelius
653 726 759 791 Servii
782 725 886 790 verba
906 725 1028 789 referre
1050 724 1131 808 vult,
1160 725 1219 789 sed
1239 748 1368 812 quaeso,

323 851 400 890 num
421 826 541 914 Plinius
570 848 641 889 cam
668 825 710 889 ob
739 848 887 890 caussam
915 826 1012 888 etiam
1034 823 1152 889 Catulli
1181 826 1369 890 inusitatum

322 927 458 990 fortasse
481 935 512 988 et
534 925 593 988 soli
613 934 733 1011 poetae
756 946 944 988 concessum
965 947 1058 987 usum
1078 925 1113 987 in
1133 923 1293 988 vocabulo
1314 948 1370 1011 pu-

323 1026 415 1088 micis
437 1024 591 1088 feminine
613 1023 764 1109 ponendo
783 1025 876 1109 sequi
893 1022 1056 1088 debebat?
1086 1028 1166 1107 Rem,
1187 1033 1275 1109 puta,
1297 1023 1368 1087 loco

323 1146 380 1188 suo
402 1123 524 1187 Plinius
546 1122 729 1208 spectabat,
751 1144 817 1186 non
838 1127 931 1187 verba.
965 1122 1062 1201 Quod
1078 1145 1156 1187 vero
1175 1121 1369 1208 Spengelius

322 1224 592 1287 Fortunatianum
622 1243 750 1308 quoque
778 1220 869 1285 arido
897 1220 1019 1285 habere
1045 1231 1271 1307 perspecturos
1299 1243 1369 1285 esse

324 1322 416 1405 dicit,
450 1321 566 1406 quibus
594 1320 723 1384 codices
750 1320 793 1384 ad
819 1343 934 1385 manus
961 1322 1038 1403 sint,
1072 1329 1230 1406 quatenus
1256 1342 1370 1384 verum

324 1422 385 1504 sit,
400 1442 487 1483 nunc
510 1420 640 1505 quidem
661 1442 727 1483 non
748 1420 868 1504 habeo,
892 1443 955 1506 quo
979 1420 1169 1483 discernam.
1203 1419 1300 1499 Quod
1317 1419 1370 1482 de

322 1521 421 1605 nique
446 1529 539 1605 putat
566 1519 751 1583 additurum
777 1520 875 1584 fuisse
903 1519 1065 1602 Servium,
1093 1520 1121 1582 si
1148 1540 1245 1582 carm.
1271 1518 1297 1582 Ι.
1325 1519 1371 1582 in-

322 1618 513 1701 tellexisset,
539 1617 656 1682 verba:
683 1620 718 1682 ia
734 1619 906 1703 praecepio,
933 1617 1039 1681 nuHus
1065 1617 1224 1703 intelligo,
1252 1640 1309 1681 cur
1335 1617 1371 1681 id

322 1720 541 1782 necessarium
567 1728 623 1782 aut
648 1717 818 1804 probabile
844 1716 1055 1781 iudicandum
1082 1717 1132 1780 sit.
1179 1715 1265 1780 Illud
1292 1738 1371 1781 uero
1483 1781 1485 1786 ,

322 1839 402 1881 sane
427 1826 516 1881 recte
544 1816 695 1881 observat
727 1817 807 1881 nihil
839 1839 924 1900 esse,
957 1837 1056 1902 quam
1081 1814 1117 1879 in
1141 1813 1252 1879 verbis
1279 1815 1371 1879 arido

321 1916 410 1980 modo
438 1924 650 2002 κακοφωνίαν
678 1917 722 2001 (v.
748 1915 979 2003 Doeringium)
1007 1916 1113 1979 inesse
1141 1914 1203 1978 sibi
1229 1914 1370 2000 fingant3

322 2037 428 2102 neque
446 2017 539 2099 enim,
562 2016 641 2101 quid
657 2017 720 2081 sibi
736 2015 777 2080 de
795 2027 946 2103 corrupto
963 2014 1113 2101 rhythmo
1130 2013 1231 2078 velint
1246 2014 1372 2079 Brouk-

322 2115 433 2178 husius
451 2123 482 2178 et
498 2115 694 2199 Huschkius,
716 2117 888 2202 perspicio.
917 2115 1131 2178 Nihilominus
1148 2112 1243 2176 arido
1258 2136 1372 2178 verum
1432 2172 1438 2182 .

322 2222 411 2299 puto.
454 2212 540 2275 Nam
567 2236 665 2299 quum
691 2214 886 2278 vocabulum
909 2236 1023 2298 pumex
1044 2214 1083 2276 iis
1104 2222 1230 2276 tanturn
1252 2211 1371 2276 Catulli

323 2312 417 2395 locis,
441 2332 521 2396 quos
543 2330 641 2394 supra
661 2310 819 2394 indicavi,
841 2320 939 2397 atque
961 2311 1062 2375 altero
1086 2311 1217 2396 quidem
1234 2333 1300 2374 non
1317 2310 1372 2374 ad·

324 2409 391 2474 dito
414 2409 575 2472 adiectivo
596 2407 737 2493 legatur,
760 2432 893 2475 necesse
915 2411 1011 2494 foret,
1033 2410 1153 2493 locum,
1179 2431 1243 2495 quo
1266 2408 1373 2473 Servii

323 2509 490 2572 adnotatio
512 2510 676 2591 niteretur,
699 2510 853 2573 amissum
874 2531 955 2573 esse.
989 2508 1056 2572 Sed
1075 2518 1111 2572 ut
1126 2510 1226 2572 animi
1247 2518 1372 2574 senten·

322 2611 402 2673 tiam
427 2608 639 2695 patefaciam,
667 2607 711 2671 ad
733 2607 851 2672 Catulli
879 2610 1023 2672 carmina
1049 2608 1168 2672 amissa
1193 2610 1277 2674 iusto
1305 2630 1372 2673 sae-

321 2709 394 2794 pius
417 2708 601 2792 confugisse
622 2707 701 2770 mihi
722 2708 875 2772 videntur
890 2710 1091 2794 interpretes.
1124 2708 1256 2771 Etenim
1273 2730 1372 2793 quum

322 2806 410 2893 apud
437 2805 683 2870 Lachmannum
715 2807 872 2871 tredecim
900 2808 1084 2893 fragmenta
1110 2815 1253 2891 exstent,
1285 2806 1372 2870 hunc

321 2928 491 2970 numerum
512 2907 582 2969 iure
603 2906 822 2971 Rossbachius
846 2907 972 2971 duobus
994 2908 1167 2988 imminuit,
1189 2929 1266 2971 nam
1288 2928 1371 2992 quae
1397 2955 1399 2958 -

322 3005 433 3069 laudat
447 3007 606 3092 interpres
621 3005 750 3092 Virgilii
764 3006 963 3070 Veronensis
977 3006 1021 3069 ad
1034 3005 1118 3070 Aen.
1135 3006 1174 3090 V,
1190 3006 1240 3070 80.
1258 3016 1371 3092 aperte

321 3107 485 3190 pertinent
506 3105 549 3167 ad
572 3104 690 3167 Catulli
712 3126 809 3167 carm.
832 3105 960 3186 LXIV,
981 3104 1033 3167 23.
1072 3104 1178 3167 Servii
1199 3113 1308 3168 autem
1328 3103 1372 3167 ad

322 3202 405 3266 Aen.
422 3203 501 3284 VII,
519 3202 591 3265 378.
613 3201 717 3265 verba
738 3212 826 3265 recte
848 3201 1045 3266 intellectum
1062 3211 1110 3265 est
1131 3223 1153 3265 a
1166 3196 1372 3267 Froehlichio

323 3310 470 3386 spectare
498 3299 541 3363 ad
569 3299 714 3363 eiusdem
736 3301 887 3364 carminis
911 3325 943 3365 v.
967 3302 1051 3385 107,
1079 3300 1136 3365 ubi
1158 3301 1246 3388 quod
1267 3324 1372 3367 serva

324 3400 408 3463 verit
430 3398 536 3463 codex
557 3400 706 3463 Datanus
728 3400 922 3485 abdemium,
952 3400 1058 3466 Servii
1079 3402 1186 3465 turbes
1207 3402 1388 3488 postulare·
1509 3424 1512 3430 ·

325 3521 461 3585 eumque
489 3500 592 3564 secuti
618 3510 692 3563 sunt
718 3500 895 3587 HauptiuS,
927 3500 1159 3586 Rossbachius
1191 3501 1372 3566 Pleitnerus

322 3600 355 3662 in
377 3600 490 3685 Progr.
512 3622 543 3685 p.
561 3598 589 3662 8.
621 3598 687 3662 Sed
708 3600 860 3664 undecim
880 3600 1149 3685 fragmentorum,
1172 3623 1256 3686 quae
1277 3600 1371 3665 Ross-

321 3698 458 3763 bachius
480 3698 593 3780 habot,
622 3700 764 3783 quinque
785 3700 844 3762 vix
865 3708 901 3762 ut
923 3698 1106 3763 Catulliana
1132 3701 1166 3762 in
1186 3709 1296 3784 partes
1317 3721 1371 3763 vo

323 3799 474 3862 caveum.
507 3798 592 3861 Nam
608 3795 809 3861 Rossbachio
829 3818 963 3860 numero
983 3797 1041 3860 IV.
1064 3798 1252 3882 insignitum
1273 3807 1370 3884 atque

322 3905 390 3959 tum
417 3896 458 3960 ab
485 3899 571 3983 ipso,
604 3905 673 3960 tum
705 3918 735 3969 a¹
753 3894 965 3959 Lachmanno
992 3895 1119 3983 uncinis
1145 3895 1317 3981 inclusum,
1350 3920 1370 3963 a

322 3993 429 4057 Nonio
448 3996 579 4080 quidem
593 3996 657 4080 XI,
674 3995 723 4059 63.
741 3994 786 4081 (p
802 3994 874 4058 517.
890 3995 1006 4081 Merc.)
1022 3995 1158 4080 Catulle,
1175 4017 1195 4059 a
1209 3996 1369 4062 Diomede

323 4102 431 4156 autem
445 4116 477 4178 p.
490 4094 561 4160 513.
578 4096 700 4160 Sereno
715 4093 919 4179 adscribitur,
935 4095 1184 4161 assentientibus
1198 4096 1368 4165 Huschkio
1417 4162 1421 4170 ,
