<?xml version="1.0" encoding="UTF-8"?>
<!DOCTYPE html PUBLIC "-//W3C//DTD XHTML 1.0 Transitional//EN"
    "http://www.w3.org/TR/xhtml1/DTD/xhtml1-transitional.dtd">
<html xmlns="http://www.w3.org/1999/xhtml" xml:lang="en" lang="en">
 <head>
  <title>
</title>
<meta http-equiv="Content-Type" content="text/html;charset=utf-8" />
  <meta name='ocr-system' content='tesseract 3.04.00' />
  <meta name='ocr-capabilities' content='ocr_page ocr_carea ocr_par ocr_line ocrx_word'/>
</head>
<body>
  <div class='ocr_page' id='page_1' title='image "./lectionumcatull00pohlgoog_0021.png"; bbox 0 0 3392 4959; ppageno 0'>
   <div class='ocr_carea' id='block_1_1' title="bbox 833 505 865 575">
    <p class='ocr_par' dir='ltr' id='par_1_1' title="bbox 833 505 865 575">
     <span class='ocr_line' id='line_1_1' title="bbox 833 505 865 575; baseline 0 0"><span class='ocrx_word' id='word_1_1' title='bbox 833 505 865 575; x_wconf 86' lang='lat'>11</span> 
     </span>
    </p>
   </div>
   <div class='ocr_carea' id='block_1_2' title="bbox 327 690 1510 806">
    <p class='ocr_par' dir='ltr' id='par_1_2' title="bbox 327 690 1510 806">
     <span class='ocr_line' id='line_1_2' title="bbox 327 690 1510 806; baseline 0.004 -22"><span class='ocrx_word' id='word_1_2' title='bbox 327 720 403 785; x_wconf 70' lang='lat' dir='ltr'>enit.</span> <span class='ocrx_word' id='word_1_3' title='bbox 424 721 610 804; x_wconf 68' lang='lat' dir='ltr'>vicentina,</span> <span class='ocrx_word' id='word_1_4' title='bbox 633 722 693 784; x_wconf 75' lang='lat' dir='ltr'>su:</span> <span class='ocrx_word' id='word_1_5' title='bbox 721 721 823 799; x_wconf 71' lang='lat' dir='ltr'>oua</span> <span class='ocrx_word' id='word_1_6' title='bbox 843 721 920 785; x_wconf 64' lang='lat' dir='ltr'>aaa</span> <span class='ocrx_word' id='word_1_7' title='bbox 941 722 1010 801; x_wconf 69' lang='lat' dir='ltr'>sar,</span> <span class='ocrx_word' id='word_1_8' title='bbox 1033 721 1182 806; x_wconf 72' lang='lat' dir='ltr'>quaqua</span> <span class='ocrx_word' id='word_1_9' title='bbox 1200 734 1245 785; x_wconf 64' lang='lat' dir='ltr'>aa</span> <span class='ocrx_word' id='word_1_10' title='bbox 1265 721 1372 804; x_wconf 74' lang='lat' dir='ltr'>ruera</span> <span class='ocrx_word' id='word_1_11' title='bbox 1508 690 1510 692; x_wconf 67' lang='grc'><strong>’</strong></span> 
     </span>
    </p>
   </div>
   <div class='ocr_carea' id='block_1_3' title="bbox 322 818 1461 3983">
    <p class='ocr_par' dir='ltr' id='par_1_3' title="bbox 322 818 1461 3983">
     <span class='ocr_line' id='line_1_3' title="bbox 326 818 1375 909; baseline 0.001 -26"><span class='ocrx_word' id='word_1_12' title='bbox 326 822 533 905; x_wconf 81' lang='lat' dir='ltr'>qualecunque</span> <span class='ocrx_word' id='word_1_13' title='bbox 559 819 680 903; x_wconf 83' lang='lat' dir='ltr'>quidem</span> <span class='ocrx_word' id='word_1_14' title='bbox 704 835 821 905; x_wconf 79' lang='lat' dir='ltr'>patrea</span> <span class='ocrx_word' id='word_1_15' title='bbox 843 823 944 909; x_wconf 67' lang='lat' dir='ltr'>uia-903</span> <span class='ocrx_word' id='word_1_16' title='bbox 972 822 1080 906; x_wconf 89' lang='lat' dir='ltr'>itaque</span> <span class='ocrx_word' id='word_1_17' title='bbox 1103 818 1281 904; x_wconf 81' lang='lat' dir='ltr'><strong>Guarinus,</strong></span> <span class='ocrx_word' id='word_1_18' title='bbox 1309 819 1375 884; x_wconf 87' lang='lat' dir='ltr'>nisi</span> 
     </span>
     <span class='ocr_line' id='line_1_4' title="bbox 327 918 1372 1005; baseline 0 -22"><span class='ocrx_word' id='word_1_19' title='bbox 327 920 414 1005; x_wconf 94' lang='lat' dir='ltr'>quod</span> <span class='ocrx_word' id='word_1_20' title='bbox 436 933 572 1004; x_wconf 78' lang='lat' dir='ltr'>patrona</span> <span class='ocrx_word' id='word_1_21' title='bbox 602 918 702 983; x_wconf 90' lang='lat' dir='ltr'>habet</span> <span class='ocrx_word' id='word_1_22' title='bbox 733 930 816 984; x_wconf 88' lang='lat' dir='ltr'>teste</span> <span class='ocrx_word' id='word_1_23' title='bbox 843 920 1028 1004; x_wconf 85' lang='lat' dir='ltr'>Huschkio,</span> <span class='ocrx_word' id='word_1_24' title='bbox 1060 941 1139 1002; x_wconf 87' lang='lat' dir='ltr'>non,</span> <span class='ocrx_word' id='word_1_25' title='bbox 1168 930 1202 983; x_wconf 89' lang='lat' dir='ltr'>ut</span> <span class='ocrx_word' id='word_1_26' title='bbox 1229 920 1372 1005; x_wconf 87' lang='lat' dir='ltr'>Silligius</span> 
     </span>
     <span class='ocr_line' id='line_1_5' title="bbox 326 1018 1372 1103; baseline 0.002 -22"><span class='ocrx_word' id='word_1_27' title='bbox 326 1018 531 1102; x_wconf 87' lang='lat' dir='ltr'>indicaverit,</span> <span class='ocrx_word' id='word_1_28' title='bbox 554 1032 695 1103; x_wconf 79' lang='lat' dir='ltr'>patrone.</span> <span class='ocrx_word' id='word_1_29' title='bbox 738 1020 785 1084; x_wconf 90' lang='lat' dir='ltr'>Ut</span> <span class='ocrx_word' id='word_1_30' title='bbox 812 1020 853 1083; x_wconf 93' lang='lat' dir='ltr'>de</span> <span class='ocrx_word' id='word_1_31' title='bbox 874 1021 1090 1084; x_wconf 79' lang='lat' dir='ltr'>recentiorum</span> <span class='ocrx_word' id='word_1_32' title='bbox 1112 1018 1206 1083; x_wconf 84' lang='lat' dir='ltr'>codd.</span> <span class='ocrx_word' id='word_1_33' title='bbox 1229 1041 1304 1083; x_wconf 89' lang='lat' dir='ltr'>mss.</span> <span class='ocrx_word' id='word_1_34' title='bbox 1326 1020 1372 1083; x_wconf 81' lang='lat' dir='ltr'>vi·</span> 
     </span>
     <span class='ocr_line' id='line_1_6' title="bbox 327 1116 1461 1203; baseline 0.003 -24"><span class='ocrx_word' id='word_1_35' title='bbox 327 1116 473 1201; x_wconf 85' lang='lat' dir='ltr'>deamus,</span> <span class='ocrx_word' id='word_1_36' title='bbox 494 1116 691 1182; x_wconf 88' lang='lat' dir='ltr'>Dresdensis</span> <span class='ocrx_word' id='word_1_37' title='bbox 708 1117 821 1182; x_wconf 88' lang='lat' dir='ltr'>habet:</span> <span class='ocrx_word' id='word_1_38' title='bbox 847 1119 950 1196; x_wconf 72' lang='lat' dir='ltr'>Quare</span> <span class='ocrx_word' id='word_1_39' title='bbox 970 1119 1029 1182; x_wconf 76' lang='lat' dir='ltr'>tobi</span> <span class='ocrx_word' id='word_1_40' title='bbox 1042 1119 1127 1200; x_wconf 83' lang='lat' dir='ltr'>bole,</span> <span class='ocrx_word' id='word_1_41' title='bbox 1149 1118 1298 1203; x_wconf 80' lang='lat' dir='ltr'>quicquid</span> <span class='ocrx_word' id='word_1_42' title='bbox 1316 1118 1372 1181; x_wconf 81' lang='lat' dir='ltr'>boe</span> <span class='ocrx_word' id='word_1_43' title='bbox 1458 1189 1461 1193; x_wconf 21' lang='lat'><strong>¹</strong></span> 
     </span>
     <span class='ocr_line' id='line_1_7' title="bbox 325 1215 1374 1304; baseline 0.002 -25"><span class='ocrx_word' id='word_1_44' title='bbox 325 1217 434 1298; x_wconf 79' lang='lat' dir='ltr'><em>libelli,</em></span> <span class='ocrx_word' id='word_1_45' title='bbox 462 1218 690 1301; x_wconf 66' lang='lat' dir='ltr'>qualemcunque</span> <span class='ocrx_word' id='word_1_46' title='bbox 713 1215 788 1302; x_wconf 88' lang='lat' dir='ltr'>(sic)</span> <span class='ocrx_word' id='word_1_47' title='bbox 816 1218 900 1302; x_wconf 82' lang='lat' dir='ltr'>quod</span> <span class='ocrx_word' id='word_1_48' title='bbox 919 1232 1057 1302; x_wconf 75' lang='lat' dir='ltr'>patrona</span> <span class='ocrx_word' id='word_1_49' title='bbox 1076 1218 1176 1304; x_wconf 70' lang='lat' dir='ltr'>clepo,</span> <span class='ocrx_word' id='word_1_50' title='bbox 1205 1216 1374 1303; x_wconf 84' lang='lat' dir='ltr'>Spengelii</span> 
     </span>
     <span class='ocr_line' id='line_1_8' title="bbox 327 1314 1372 1403; baseline 0.002 -25"><span class='ocrx_word' id='word_1_51' title='bbox 327 1314 364 1379; x_wconf 79' lang='lat' dir='ltr'>O.</span> <span class='ocrx_word' id='word_1_52' title='bbox 388 1316 429 1378; x_wconf 91' lang='lat' dir='ltr'>H.</span> <span class='ocrx_word' id='word_1_53' title='bbox 452 1316 488 1379; x_wconf 87' lang='lat' dir='ltr'>P.</span> <span class='ocrx_word' id='word_1_54' title='bbox 510 1315 548 1380; x_wconf 89' lang='lat' dir='ltr'>R.</span> <span class='ocrx_word' id='word_1_55' title='bbox 571 1314 603 1379; x_wconf 94' lang='lat' dir='ltr'>b.</span> <span class='ocrx_word' id='word_1_56' title='bbox 626 1338 657 1401; x_wconf 82' lang='lat' dir='ltr'>g.</span> <span class='ocrx_word' id='word_1_57' title='bbox 679 1316 711 1381; x_wconf 93' lang='lat' dir='ltr'>h.</span> <span class='ocrx_word' id='word_1_58' title='bbox 733 1318 753 1381; x_wconf 93' lang='lat' dir='ltr'>i.</span> <span class='ocrx_word' id='word_1_59' title='bbox 780 1331 853 1403; x_wconf 80' lang='lat' dir='ltr'>quot</span> <span class='ocrx_word' id='word_1_60' title='bbox 869 1330 1006 1402; x_wconf 76' lang='lat' dir='ltr'>patrona</span> <span class='ocrx_word' id='word_1_61' title='bbox 1026 1319 1125 1403; x_wconf 74' lang='lat' dir='ltr'>ot‘r903</span> <span class='ocrx_word' id='word_1_62' title='bbox 1154 1315 1191 1381; x_wconf 76' lang='lat' dir='ltr'>(l.</span> <span class='ocrx_word' id='word_1_63' title='bbox 1213 1317 1247 1379; x_wconf 91' lang='lat' dir='ltr'>in</span> <span class='ocrx_word' id='word_1_64' title='bbox 1267 1338 1372 1401; x_wconf 86' lang='lat' dir='ltr'>marg.</span> 
     </span>
     <span class='ocr_line' id='line_1_9' title="bbox 322 1414 1372 1502; baseline 0.002 -25"><span class='ocrx_word' id='word_1_65' title='bbox 322 1428 439 1498; x_wconf 78' lang='lat' dir='ltr'>patroc</span> <span class='ocrx_word' id='word_1_66' title='bbox 466 1415 557 1502; x_wconf 70' lang='lat' dir='ltr'>Ve&#39;ryo</span> <span class='ocrx_word' id='word_1_67' title='bbox 584 1425 630 1479; x_wconf 88' lang='lat' dir='ltr'>et:</span> <span class='ocrx_word' id='word_1_68' title='bbox 654 1439 714 1500; x_wconf 81' lang='lat' dir='ltr'>per</span> <span class='ocrx_word' id='word_1_69' title='bbox 740 1438 797 1479; x_wconf 74' lang='lat' dir='ltr'>oua</span> <span class='ocrx_word' id='word_1_70' title='bbox 823 1416 907 1501; x_wconf 83' lang='lat' dir='ltr'>quod</span> <span class='ocrx_word' id='word_1_71' title='bbox 930 1419 1081 1499; x_wconf 61' lang='lat' dir='ltr'>virorum</span> <span class='ocrx_word' id='word_1_72' title='bbox 1108 1416 1151 1479; x_wconf 92' lang='lat' dir='ltr'>D.</span> <span class='ocrx_word' id='word_1_73' title='bbox 1180 1414 1220 1480; x_wconf 82' lang='lat' dir='ltr'>G.</span> <span class='ocrx_word' id='word_1_74' title='bbox 1249 1415 1372 1500; x_wconf 81' lang='lat' dir='ltr'>quidem</span> 
     </span>
     <span class='ocr_line' id='line_1_10' title="bbox 322 1513 1374 1602; baseline 0.002 -26"><span class='ocrx_word' id='word_1_75' title='bbox 322 1515 579 1600; x_wconf 63' lang='lat' dir='ltr'>petroselinum</span> <span class='ocrx_word' id='word_1_76' title='bbox 602 1539 632 1580; x_wconf 84' lang='lat' dir='ltr'>v.</span> <span class='ocrx_word' id='word_1_77' title='bbox 656 1514 685 1579; x_wconf 90' lang='lat'>8.</span> <span class='ocrx_word' id='word_1_78' title='bbox 709 1513 749 1579; x_wconf 77' lang='lat' dir='ltr'>G.</span> <span class='ocrx_word' id='word_1_79' title='bbox 771 1514 809 1579; x_wconf 89' lang='lat' dir='ltr'>R.</span> <span class='ocrx_word' id='word_1_80' title='bbox 832 1538 874 1600; x_wconf 83' lang='lat' dir='ltr'>g.,</span> <span class='ocrx_word' id='word_1_81' title='bbox 896 1525 932 1580; x_wconf 92' lang='lat' dir='ltr'>ut</span> <span class='ocrx_word' id='word_1_82' title='bbox 953 1515 1004 1581; x_wconf 84' lang='lat' dir='ltr'>ed.</span> <span class='ocrx_word' id='word_1_83' title='bbox 1025 1517 1138 1602; x_wconf 83' lang='lat' dir='ltr'>princ,</span> <span class='ocrx_word' id='word_1_84' title='bbox 1161 1515 1249 1601; x_wconf 89' lang='lat' dir='ltr'>quod</span> <span class='ocrx_word' id='word_1_85' title='bbox 1271 1514 1374 1601; x_wconf 62' lang='lat' dir='ltr'>Spenss</span> 
     </span>
     <span class='ocr_line' id='line_1_11' title="bbox 326 1613 1434 1700; baseline 0.003 -25"><span class='ocrx_word' id='word_1_86' title='bbox 326 1613 430 1698; x_wconf 86' lang='lat' dir='ltr'>gelius</span> <span class='ocrx_word' id='word_1_87' title='bbox 446 1614 580 1698; x_wconf 84' lang='lat' dir='ltr'>vulgata</span> <span class='ocrx_word' id='word_1_88' title='bbox 595 1613 683 1677; x_wconf 89' lang='lat' dir='ltr'>haud</span> <span class='ocrx_word' id='word_1_89' title='bbox 701 1614 842 1679; x_wconf 90' lang='lat' dir='ltr'>deterius</span> <span class='ocrx_word' id='word_1_90' title='bbox 860 1636 930 1677; x_wconf 89' lang='lat' dir='ltr'>esse</span> <span class='ocrx_word' id='word_1_91' title='bbox 948 1614 1039 1698; x_wconf 70' lang='lat' dir='ltr'>dicit3</span> <span class='ocrx_word' id='word_1_92' title='bbox 1065 1614 1124 1678; x_wconf 89' lang='lat' dir='ltr'>sed</span> <span class='ocrx_word' id='word_1_93' title='bbox 1141 1636 1240 1700; x_wconf 91' lang='lat' dir='ltr'>quum</span> <span class='ocrx_word' id='word_1_94' title='bbox 1257 1614 1372 1678; x_wconf 88' lang='lat' dir='ltr'>eodem</span> <span class='ocrx_word' id='word_1_95' title='bbox 1432 1684 1434 1688; x_wconf 45' lang='grc'>,</span> 
     </span>
     <span class='ocr_line' id='line_1_12' title="bbox 326 1711 1374 1798; baseline 0.002 -23"><span class='ocrx_word' id='word_1_96' title='bbox 326 1722 409 1775; x_wconf 86' lang='lat' dir='ltr'>teste</span> <span class='ocrx_word' id='word_1_97' title='bbox 438 1711 582 1797; x_wconf 80' lang='lat' dir='ltr'>plerique</span> <span class='ocrx_word' id='word_1_98' title='bbox 608 1712 751 1777; x_wconf 87' lang='lat' dir='ltr'>habeant</span> <span class='ocrx_word' id='word_1_99' title='bbox 778 1714 837 1777; x_wconf 78' lang='lat' dir='ltr'>tili</span> <span class='ocrx_word' id='word_1_100' title='bbox 859 1713 1070 1798; x_wconf 51' lang='lat' dir='ltr'>babe‚1quod</span> <span class='ocrx_word' id='word_1_101' title='bbox 1097 1722 1211 1777; x_wconf 89' lang='lat' dir='ltr'>contra</span> <span class='ocrx_word' id='word_1_102' title='bbox 1226 1723 1374 1777; x_wconf 86' lang='lat' dir='ltr'>metrum</span> 
     </span>
     <span class='ocr_line' id='line_1_13' title="bbox 327 1811 1373 1897; baseline 0.004 -24"><span class='ocrx_word' id='word_1_103' title='bbox 327 1821 390 1893; x_wconf 88' lang='lat' dir='ltr'>est,</span> <span class='ocrx_word' id='word_1_104' title='bbox 419 1811 594 1897; x_wconf 81' lang='lat' dir='ltr'>simplicius</span> <span class='ocrx_word' id='word_1_105' title='bbox 622 1812 751 1876; x_wconf 91' lang='lat' dir='ltr'>videtur</span> <span class='ocrx_word' id='word_1_106' title='bbox 778 1812 893 1877; x_wconf 93' lang='lat' dir='ltr'>horum</span> <span class='ocrx_word' id='word_1_107' title='bbox 918 1813 999 1876; x_wconf 89' lang='lat' dir='ltr'>locis</span> <span class='ocrx_word' id='word_1_108' title='bbox 1026 1813 1157 1875; x_wconf 86' lang='lat' dir='ltr'>mutatis</span> <span class='ocrx_word' id='word_1_109' title='bbox 1178 1833 1258 1876; x_wconf 88' lang='lat' dir='ltr'>vera</span> <span class='ocrx_word' id='word_1_110' title='bbox 1277 1811 1373 1877; x_wconf 90' lang='lat' dir='ltr'>lectio</span> 
     </span>
     <span class='ocr_line' id='line_1_14' title="bbox 326 1910 1375 1998; baseline 0.002 -25"><span class='ocrx_word' id='word_1_111' title='bbox 326 1911 409 1993; x_wconf 83' lang='lat' dir='ltr'>erui;</span> <span class='ocrx_word' id='word_1_112' title='bbox 431 1932 507 1973; x_wconf 87' lang='lat' dir='ltr'>narn</span> <span class='ocrx_word' id='word_1_113' title='bbox 529 1911 617 1996; x_wconf 91' lang='lat' dir='ltr'>quod</span> <span class='ocrx_word' id='word_1_114' title='bbox 639 1910 832 1998; x_wconf 80' lang='lat' dir='ltr'>Spengelius</span> <span class='ocrx_word' id='word_1_115' title='bbox 854 1913 924 1998; x_wconf 87' lang='lat' dir='ltr'>ipse</span> <span class='ocrx_word' id='word_1_116' title='bbox 945 1920 1063 1976; x_wconf 83' lang='lat' dir='ltr'>tentat:</span> <span class='ocrx_word' id='word_1_117' title='bbox 1097 1912 1200 1989; x_wconf 76' lang='lat' dir='ltr'>Quare</span> <span class='ocrx_word' id='word_1_118' title='bbox 1221 1910 1375 1995; x_wconf 81' lang='lat' dir='ltr'>quidquid</span> 
     </span>
     <span class='ocr_line' id='line_1_15' title="bbox 326 2009 1377 2093; baseline 0.001 -21"><span class='ocrx_word' id='word_1_119' title='bbox 326 2009 402 2072; x_wconf 82' lang='lat' dir='ltr'>bale</span> <span class='ocrx_word' id='word_1_120' title='bbox 428 2010 483 2072; x_wconf 85' lang='lat' dir='ltr'>boc</span> <span class='ocrx_word' id='word_1_121' title='bbox 509 2010 569 2073; x_wconf 75' lang='lat' dir='ltr'>tabi</span> <span class='ocrx_word' id='word_1_122' title='bbox 592 2011 702 2093; x_wconf 66' lang='lat' dir='ltr'>labelli,</span> <span class='ocrx_word' id='word_1_123' title='bbox 731 2010 767 2074; x_wconf 93' lang='lat' dir='ltr'>id</span> <span class='ocrx_word' id='word_1_124' title='bbox 792 2010 880 2075; x_wconf 91' lang='lat' dir='ltr'>unde</span> <span class='ocrx_word' id='word_1_125' title='bbox 908 2011 1220 2075; x_wconf 83' lang='lat' dir='ltr'>commendationem</span> <span class='ocrx_word' id='word_1_126' title='bbox 1246 2010 1377 2093; x_wconf 62' lang='lat' dir='ltr'>habeat⁴</span> 
     </span>
     <span class='ocr_line' id='line_1_16' title="bbox 328 2106 1376 2197; baseline 0.001 -26"><span class='ocrx_word' id='word_1_127' title='bbox 328 2106 465 2194; x_wconf 87' lang='lat' dir='ltr'>despero</span> <span class='ocrx_word' id='word_1_128' title='bbox 486 2131 582 2195; x_wconf 89' lang='lat' dir='ltr'>posse</span> <span class='ocrx_word' id='word_1_129' title='bbox 604 2110 757 2192; x_wconf 81' lang='lat' dir='ltr'>inveniri3</span> <span class='ocrx_word' id='word_1_130' title='bbox 785 2109 873 2173; x_wconf 92' lang='lat' dir='ltr'>idem</span> <span class='ocrx_word' id='word_1_131' title='bbox 900 2112 1082 2197; x_wconf 88' lang='lat' dir='ltr'>suspicatur</span> <span class='ocrx_word' id='word_1_132' title='bbox 1107 2110 1175 2173; x_wconf 89' lang='lat' dir='ltr'>illa:</span> <span class='ocrx_word' id='word_1_133' title='bbox 1203 2123 1376 2195; x_wconf 77' lang='lat' dir='ltr'>opatroua</span> 
     </span>
     <span class='ocr_line' id='line_1_17' title="bbox 328 2207 1376 2293; baseline 0.002 -24"><span class='ocrx_word' id='word_1_134' title='bbox 328 2208 416 2292; x_wconf 72' lang='lat' dir='ltr'>sirpo</span> <span class='ocrx_word' id='word_1_135' title='bbox 443 2209 631 2271; x_wconf 78' lang='lat' dir='ltr'>recentioris</span> <span class='ocrx_word' id='word_1_136' title='bbox 659 2230 730 2271; x_wconf 91' lang='lat' dir='ltr'>esse</span> <span class='ocrx_word' id='word_1_137' title='bbox 751 2231 865 2272; x_wconf 84' lang='lat' dir='ltr'>manus</span> <span class='ocrx_word' id='word_1_138' title='bbox 893 2207 939 2293; x_wconf 89' lang='lat' dir='ltr'>(p.</span> <span class='ocrx_word' id='word_1_139' title='bbox 964 2209 1060 2292; x_wconf 68' lang='lat'>112).</span> <span class='ocrx_word' id='word_1_140' title='bbox 1103 2208 1265 2272; x_wconf 86' lang='lat' dir='ltr'>Huschkii</span> <span class='ocrx_word' id='word_1_141' title='bbox 1286 2229 1376 2292; x_wconf 72' lang='lat' dir='ltr'>ver03</span> 
     </span>
     <span class='ocr_line' id='line_1_18' title="bbox 326 2305 1373 2392; baseline 0.003 -24"><span class='ocrx_word' id='word_1_142' title='bbox 326 2306 382 2390; x_wconf 92' lang='lat' dir='ltr'>qui</span> <span class='ocrx_word' id='word_1_143' title='bbox 403 2329 456 2369; x_wconf 86' lang='lat' dir='ltr'>vv.</span> <span class='ocrx_word' id='word_1_144' title='bbox 480 2306 592 2369; x_wconf 81' lang='lat'>8-10,</span> <span class='ocrx_word' id='word_1_145' title='bbox 615 2308 740 2392; x_wconf 86' lang='lat' dir='ltr'>spurios</span> <span class='ocrx_word' id='word_1_146' title='bbox 762 2306 893 2388; x_wconf 84' lang='lat' dir='ltr'>iudicat,</span> <span class='ocrx_word' id='word_1_147' title='bbox 916 2306 1070 2371; x_wconf 90' lang='lat' dir='ltr'>Laurent.</span> <span class='ocrx_word' id='word_1_148' title='bbox 1093 2307 1170 2390; x_wconf 83' lang='lat' dir='ltr'>XL,</span> <span class='ocrx_word' id='word_1_149' title='bbox 1194 2305 1300 2371; x_wconf 82' lang='lat' dir='ltr'>Guelf.</span> <span class='ocrx_word' id='word_1_150' title='bbox 1322 2307 1373 2392; x_wconf 86' lang='lat' dir='ltr'>A.,</span> 
     </span>
     <span class='ocr_line' id='line_1_19' title="bbox 328 2404 1376 2491; baseline 0.003 -25"><span class='ocrx_word' id='word_1_151' title='bbox 328 2404 377 2487; x_wconf 82' lang='grc' dir='ltr'>Β.,</span> <span class='ocrx_word' id='word_1_152' title='bbox 398 2404 479 2489; x_wconf 86' lang='lat' dir='ltr'>Reg.</span> <span class='ocrx_word' id='word_1_153' title='bbox 502 2404 540 2468; x_wconf 92' lang='lat' dir='ltr'>B.</span> <span class='ocrx_word' id='word_1_154' title='bbox 553 2405 587 2489; x_wconf 81' lang='lat'>¹),</span> <span class='ocrx_word' id='word_1_155' title='bbox 615 2406 784 2489; x_wconf 87' lang='lat' dir='ltr'>Datianus,</span> <span class='ocrx_word' id='word_1_156' title='bbox 807 2404 859 2469; x_wconf 86' lang='lat' dir='ltr'>ed.</span> <span class='ocrx_word' id='word_1_157' title='bbox 881 2406 1009 2471; x_wconf 86' lang='lat' dir='ltr'>Veneta</span> <span class='ocrx_word' id='word_1_158' title='bbox 1030 2428 1058 2469; x_wconf 93' lang='lat' dir='ltr'>a.</span> <span class='ocrx_word' id='word_1_159' title='bbox 1084 2405 1183 2488; x_wconf 67' lang='lat'>1475„</span> <span class='ocrx_word' id='word_1_160' title='bbox 1206 2406 1376 2491; x_wconf 82' lang='lat' dir='ltr'>Regiensis</span> 
     </span>
     <span class='ocr_line' id='line_1_20' title="bbox 327 2503 1373 2591; baseline 0.003 -25"><span class='ocrx_word' id='word_1_161' title='bbox 327 2504 409 2590; x_wconf 88' lang='lat' dir='ltr'>Lep.</span> <span class='ocrx_word' id='word_1_162' title='bbox 439 2503 571 2588; x_wconf 81' lang='lat'>(1481.)</span> <span class='ocrx_word' id='word_1_163' title='bbox 599 2503 722 2568; x_wconf 86' lang='lat' dir='ltr'>habent</span> <span class='ocrx_word' id='word_1_164' title='bbox 748 2528 778 2569; x_wconf 86' lang='lat' dir='ltr'>v.</span> <span class='ocrx_word' id='word_1_165' title='bbox 807 2505 837 2569; x_wconf 88' lang='lat'>8.</span> <span class='ocrx_word' id='word_1_166' title='bbox 866 2505 1016 2588; x_wconf 86' lang='lat' dir='ltr'>eandem,</span> <span class='ocrx_word' id='word_1_167' title='bbox 1049 2527 1146 2591; x_wconf 88' lang='lat' dir='ltr'>quam</span> <span class='ocrx_word' id='word_1_168' title='bbox 1179 2504 1229 2569; x_wconf 90' lang='lat' dir='ltr'>ed.</span> <span class='ocrx_word' id='word_1_169' title='bbox 1261 2506 1373 2591; x_wconf 80' lang='lat' dir='ltr'>princ,</span> 
     </span>
     <span class='ocr_line' id='line_1_21' title="bbox 327 2599 1377 2692; baseline 0.003 -26"><span class='ocrx_word' id='word_1_170' title='bbox 327 2603 507 2687; x_wconf 79' lang='lat' dir='ltr'>lectionem,</span> <span class='ocrx_word' id='word_1_171' title='bbox 526 2628 555 2670; x_wconf 89' lang='lat' dir='ltr'>v.</span> <span class='ocrx_word' id='word_1_172' title='bbox 572 2603 601 2668; x_wconf 85' lang='lat'>9.</span> <span class='ocrx_word' id='word_1_173' title='bbox 613 2617 750 2689; x_wconf 78' lang='lat' dir='ltr'>patrona</span> <span class='ocrx_word' id='word_1_174' title='bbox 763 2606 850 2692; x_wconf 73' lang='lat' dir='ltr'>vlrpo</span> <span class='ocrx_word' id='word_1_175' title='bbox 864 2604 1023 2690; x_wconf 89' lang='lat' dir='ltr'>praebere</span> <span class='ocrx_word' id='word_1_176' title='bbox 1039 2605 1118 2669; x_wconf 93' lang='lat' dir='ltr'>dicit</span> <span class='ocrx_word' id='word_1_177' title='bbox 1132 2603 1253 2690; x_wconf 86' lang='lat' dir='ltr'>Regios</span> <span class='ocrx_word' id='word_1_178' title='bbox 1267 2604 1308 2669; x_wconf 85' lang='lat' dir='ltr'>A.</span> <span class='ocrx_word' id='word_1_179' title='bbox 1323 2599 1377 2690; x_wconf 50' lang='lat' dir='ltr'>B..</span> 
     </span>
     <span class='ocr_line' id='line_1_22' title="bbox 329 2701 1371 2791; baseline 0.004 -25"><span class='ocrx_word' id='word_1_180' title='bbox 329 2703 507 2766; x_wconf 89' lang='lat' dir='ltr'>Datianum</span> <span class='ocrx_word' id='word_1_181' title='bbox 535 2713 567 2767; x_wconf 89' lang='lat' dir='ltr'>et</span> <span class='ocrx_word' id='word_1_182' title='bbox 591 2703 722 2768; x_wconf 87' lang='lat' dir='ltr'>Italicos</span> <span class='ocrx_word' id='word_1_183' title='bbox 753 2725 878 2788; x_wconf 89' lang='lat' dir='ltr'>omnes,</span> <span class='ocrx_word' id='word_1_184' title='bbox 912 2701 1078 2791; x_wconf 86' lang='lat' dir='ltr'>[equibus</span> <span class='ocrx_word' id='word_1_185' title='bbox 1099 2705 1253 2768; x_wconf 85' lang='lat' dir='ltr'>Laurent.</span> <span class='ocrx_word' id='word_1_186' title='bbox 1276 2704 1371 2770; x_wconf 88' lang='lat' dir='ltr'>XIII.</span> 
     </span>
     <span class='ocr_line' id='line_1_23' title="bbox 329 2800 1373 2890; baseline 0.002 -25"><span class='ocrx_word' id='word_1_187' title='bbox 329 2824 468 2888; x_wconf 85' lang='lat' dir='ltr'>superne</span> <span class='ocrx_word' id='word_1_188' title='bbox 484 2801 681 2889; x_wconf 90' lang='lat' dir='ltr'>adscriptum</span> <span class='ocrx_word' id='word_1_189' title='bbox 697 2800 818 2866; x_wconf 88' lang='lat' dir='ltr'>habeat</span> <span class='ocrx_word' id='word_1_190' title='bbox 834 2826 852 2866; x_wconf 93' lang='lat' dir='ltr'>o</span> <span class='ocrx_word' id='word_1_191' title='bbox 867 2801 978 2890; x_wconf 67' lang='lat' dir='ltr'>musa]</span> <span class='ocrx_word' id='word_1_192' title='bbox 997 2803 1239 2867; x_wconf 85' lang='lat' dir='ltr'>discedentibus</span> <span class='ocrx_word' id='word_1_193' title='bbox 1256 2802 1373 2867; x_wconf 81' lang='lat' dir='ltr'>Guelff.</span> 
     </span>
     <span class='ocr_line' id='line_1_24' title="bbox 328 2899 1377 2988; baseline 0.003 -23"><span class='ocrx_word' id='word_1_194' title='bbox 328 2899 370 2964; x_wconf 89' lang='lat' dir='ltr'>A.</span> <span class='ocrx_word' id='word_1_195' title='bbox 387 2912 419 2965; x_wconf 90' lang='lat' dir='ltr'>et</span> <span class='ocrx_word' id='word_1_196' title='bbox 434 2900 480 2985; x_wconf 67' lang='lat' dir='ltr'>O„</span> <span class='ocrx_word' id='word_1_197' title='bbox 500 2923 635 2987; x_wconf 91' lang='lat' dir='ltr'>quorum</span> <span class='ocrx_word' id='word_1_198' title='bbox 650 2901 731 2966; x_wconf 88' lang='lat' dir='ltr'>alter</span> <span class='ocrx_word' id='word_1_199' title='bbox 743 2916 879 2987; x_wconf 79' lang='lat' dir='ltr'>paterna</span> <span class='ocrx_word' id='word_1_200' title='bbox 896 2903 1058 2987; x_wconf 84' lang='lat' dir='ltr'>exhibeat,</span> <span class='ocrx_word' id='word_1_201' title='bbox 1070 2903 1152 2967; x_wconf 89' lang='lat' dir='ltr'>alter</span> <span class='ocrx_word' id='word_1_202' title='bbox 1163 2904 1313 2988; x_wconf 71' lang='lat' dir='ltr'>patrebus.</span> <span class='ocrx_word' id='word_1_203' title='bbox 1337 2902 1377 2968; x_wconf 86' lang='lat' dir='ltr'>Il-</span> 
     </span>
     <span class='ocr_line' id='line_1_25' title="bbox 328 2998 1377 3087; baseline 0.003 -24"><span class='ocrx_word' id='word_1_204' title='bbox 328 2998 398 3083; x_wconf 85' lang='lat' dir='ltr'>lud,</span> <span class='ocrx_word' id='word_1_205' title='bbox 419 3000 506 3086; x_wconf 90' lang='lat' dir='ltr'>quod</span> <span class='ocrx_word' id='word_1_206' title='bbox 525 3002 590 3065; x_wconf 93' lang='lat' dir='ltr'>iam</span> <span class='ocrx_word' id='word_1_207' title='bbox 605 3003 857 3066; x_wconf 85' lang='lat' dir='ltr'>commemoravi</span> <span class='ocrx_word' id='word_1_208' title='bbox 868 3026 927 3087; x_wconf 82' lang='grc' dir='ltr'>ροο</span> <span class='ocrx_word' id='word_1_209' title='bbox 940 3026 997 3065; x_wconf 84' lang='lat' dir='ltr'>ora</span> <span class='ocrx_word' id='word_1_210' title='bbox 1011 3002 1095 3086; x_wconf 81' lang='lat' dir='ltr'>quod</span> <span class='ocrx_word' id='word_1_211' title='bbox 1106 3004 1257 3085; x_wconf 65' lang='lat' dir='ltr'>veiorum,</span> <span class='ocrx_word' id='word_1_212' title='bbox 1278 3001 1377 3087; x_wconf 56' lang='lat' dir='ltr'>quod*</span> 
     </span>
     <span class='ocr_line' id='line_1_26' title="bbox 330 3099 1377 3186; baseline 0.001 -24"><span class='ocrx_word' id='word_1_213' title='bbox 330 3120 392 3184; x_wconf 89' lang='lat' dir='ltr'>que</span> <span class='ocrx_word' id='word_1_214' title='bbox 405 3099 493 3164; x_wconf 92' lang='lat' dir='ltr'>idem</span> <span class='ocrx_word' id='word_1_215' title='bbox 508 3112 675 3186; x_wconf 88' lang='lat' dir='ltr'>comparet</span> <span class='ocrx_word' id='word_1_216' title='bbox 691 3103 725 3163; x_wconf 92' lang='lat' dir='ltr'>in</span> <span class='ocrx_word' id='word_1_217' title='bbox 742 3101 792 3164; x_wconf 89' lang='lat' dir='ltr'>ed.</span> <span class='ocrx_word' id='word_1_218' title='bbox 809 3101 908 3164; x_wconf 86' lang='lat' dir='ltr'>Basil.</span> <span class='ocrx_word' id='word_1_219' title='bbox 925 3122 954 3163; x_wconf 90' lang='lat' dir='ltr'>a.</span> <span class='ocrx_word' id='word_1_220' title='bbox 973 3101 1077 3182; x_wconf 64' lang='lat'>1530„</span> <span class='ocrx_word' id='word_1_221' title='bbox 1099 3121 1182 3184; x_wconf 87' lang='lat' dir='ltr'>quae</span> <span class='ocrx_word' id='word_1_222' title='bbox 1199 3101 1246 3163; x_wconf 88' lang='lat' dir='ltr'>sic</span> <span class='ocrx_word' id='word_1_223' title='bbox 1261 3099 1377 3164; x_wconf 78' lang='lat' dir='ltr'>habet:</span> 
     </span>
     <span class='ocr_line' id='line_1_27' title="bbox 332 3193 1378 3283; baseline 0.005 -24"><span class='ocrx_word' id='word_1_224' title='bbox 332 3197 435 3273; x_wconf 76' lang='lat' dir='ltr'>Quare</span> <span class='ocrx_word' id='word_1_225' title='bbox 448 3199 525 3261; x_wconf 80' lang='lat' dir='ltr'>bale</span> <span class='ocrx_word' id='word_1_226' title='bbox 538 3200 598 3262; x_wconf 73' lang='lat' dir='ltr'>uti</span> <span class='ocrx_word' id='word_1_227' title='bbox 609 3198 757 3283; x_wconf 79' lang='lat' dir='ltr'>quicquid</span> <span class='ocrx_word' id='word_1_228' title='bbox 770 3212 814 3262; x_wconf 82' lang='lat' dir='ltr'>est</span> <span class='ocrx_word' id='word_1_229' title='bbox 828 3200 934 3279; x_wconf 80' lang='lat' dir='ltr'>lebelli,</span> <span class='ocrx_word' id='word_1_230' title='bbox 957 3198 1170 3282; x_wconf 75' lang='lat' dir='ltr'>Qualecuuque</span> <span class='ocrx_word' id='word_1_231' title='bbox 1184 3198 1307 3283; x_wconf 73' lang='lat' dir='ltr'>qua‘slem</span> <span class='ocrx_word' id='word_1_232' title='bbox 1320 3193 1378 3264; x_wconf 78' lang='lat' dir='ltr'>ora</span> 
     </span>
     <span class='ocr_line' id='line_1_28' title="bbox 326 3298 1380 3382; baseline 0.007 -25"><span class='ocrx_word' id='word_1_233' title='bbox 326 3317 386 3380; x_wconf 78' lang='grc' dir='ltr'>ροο</span> <span class='ocrx_word' id='word_1_234' title='bbox 409 3298 559 3380; x_wconf 73' lang='lat' dir='ltr'>virorum,</span> <span class='ocrx_word' id='word_1_235' title='bbox 588 3307 803 3361; x_wconf 87' lang='lat' dir='ltr'>commentum</span> <span class='ocrx_word' id='word_1_236' title='bbox 825 3307 873 3361; x_wconf 88' lang='lat' dir='ltr'>est</span> <span class='ocrx_word' id='word_1_237' title='bbox 894 3298 1021 3362; x_wconf 89' lang='lat' dir='ltr'>Ioviani</span> <span class='ocrx_word' id='word_1_238' title='bbox 1041 3298 1195 3382; x_wconf 87' lang='lat' dir='ltr'>Pontani,</span> <span class='ocrx_word' id='word_1_239' title='bbox 1222 3298 1380 3371; x_wconf 89' lang='lat' dir='ltr'>reiectum</span> 
     </span>
     <span class='ocr_line' id='line_1_29' title="bbox 331 3394 1377 3485; baseline 0.007 -27"><span class='ocrx_word' id='word_1_240' title='bbox 331 3394 461 3481; x_wconf 93' lang='lat' dir='ltr'>quidem</span> <span class='ocrx_word' id='word_1_241' title='bbox 476 3396 542 3460; x_wconf 89' lang='lat' dir='ltr'>iam</span> <span class='ocrx_word' id='word_1_242' title='bbox 557 3417 578 3459; x_wconf 89' lang='lat' dir='ltr'>a</span> <span class='ocrx_word' id='word_1_243' title='bbox 593 3397 719 3461; x_wconf 83' lang='lat' dir='ltr'>Murato</span> <span class='ocrx_word' id='word_1_244' title='bbox 737 3407 770 3461; x_wconf 88' lang='lat' dir='ltr'>et</span> <span class='ocrx_word' id='word_1_245' title='bbox 786 3397 967 3484; x_wconf 83' lang='lat' dir='ltr'>Scaligero,</span> <span class='ocrx_word' id='word_1_246' title='bbox 990 3398 1077 3484; x_wconf 92' lang='lat' dir='ltr'>quod</span> <span class='ocrx_word' id='word_1_247' title='bbox 1091 3408 1202 3463; x_wconf 87' lang='lat' dir='ltr'>tamen</span> <span class='ocrx_word' id='word_1_248' title='bbox 1216 3398 1377 3485; x_wconf 88' lang='lat' dir='ltr'>placuisse</span> 
     </span>
     <span class='ocr_line' id='line_1_30' title="bbox 331 3495 1378 3584; baseline 0.006 -26"><span class='ocrx_word' id='word_1_249' title='bbox 331 3496 430 3559; x_wconf 92' lang='lat' dir='ltr'>miror</span> <span class='ocrx_word' id='word_1_250' title='bbox 445 3495 630 3560; x_wconf 86' lang='lat' dir='ltr'>Burmanno</span> <span class='ocrx_word' id='word_1_251' title='bbox 647 3495 744 3562; x_wconf 89' lang='lat' dir='ltr'>Anth.</span> <span class='ocrx_word' id='word_1_252' title='bbox 762 3498 835 3562; x_wconf 90' lang='lat' dir='ltr'>Lat.</span> <span class='ocrx_word' id='word_1_253' title='bbox 853 3498 880 3562; x_wconf 93' lang='lat' dir='ltr'>I.</span> <span class='ocrx_word' id='word_1_254' title='bbox 896 3521 929 3583; x_wconf 88' lang='lat' dir='ltr'>p.</span> <span class='ocrx_word' id='word_1_255' title='bbox 944 3499 1017 3563; x_wconf 83' lang='lat'>344.</span> <span class='ocrx_word' id='word_1_256' title='bbox 1040 3508 1072 3562; x_wconf 88' lang='lat' dir='ltr'>et</span> <span class='ocrx_word' id='word_1_257' title='bbox 1092 3520 1187 3584; x_wconf 92' lang='lat' dir='ltr'>quem</span> <span class='ocrx_word' id='word_1_258' title='bbox 1203 3497 1250 3563; x_wconf 93' lang='lat' dir='ltr'>ibi</span> <span class='ocrx_word' id='word_1_259' title='bbox 1265 3499 1378 3572; x_wconf 81' lang='lat' dir='ltr'>laudat</span> 
     </span>
     <span class='ocr_line' id='line_1_31' title="bbox 330 3594 1377 3687; baseline 0.003 -28"><span class='ocrx_word' id='word_1_260' title='bbox 330 3595 464 3660; x_wconf 85' lang='lat' dir='ltr'>Barthio</span> <span class='ocrx_word' id='word_1_261' title='bbox 486 3594 530 3658; x_wconf 90' lang='lat' dir='ltr'>ad</span> <span class='ocrx_word' id='word_1_262' title='bbox 547 3595 641 3660; x_wconf 83' lang='lat' dir='ltr'>Statii</span> <span class='ocrx_word' id='word_1_263' title='bbox 657 3595 762 3662; x_wconf 85' lang='lat' dir='ltr'>Theb.</span> <span class='ocrx_word' id='word_1_264' title='bbox 778 3598 825 3681; x_wconf 85' lang='lat' dir='ltr'>II,</span> <span class='ocrx_word' id='word_1_265' title='bbox 841 3597 912 3662; x_wconf 83' lang='lat'><strong>651.</strong></span> <span class='ocrx_word' id='word_1_266' title='bbox 945 3597 1031 3662; x_wconf 84' lang='lat' dir='ltr'>Nam</span> <span class='ocrx_word' id='word_1_267' title='bbox 1050 3622 1174 3687; x_wconf 79' lang='lat' dir='ltr'>mouere</span> <span class='ocrx_word' id='word_1_268' title='bbox 1185 3612 1245 3684; x_wconf 81' lang='lat' dir='ltr'>per</span> <span class='ocrx_word' id='word_1_269' title='bbox 1261 3622 1319 3663; x_wconf 82' lang='lat' dir='ltr'>ora</span> <span class='ocrx_word' id='word_1_270' title='bbox 1335 3620 1377 3662; x_wconf 92' lang='lat' dir='ltr'>ne</span> 
     </span>
     <span class='ocr_line' id='line_1_32' title="bbox 330 3695 1378 3782; baseline 0.002 -23"><span class='ocrx_word' id='word_1_271' title='bbox 330 3695 449 3759; x_wconf 84' lang='lat' dir='ltr'>Latine</span> <span class='ocrx_word' id='word_1_272' title='bbox 477 3695 608 3781; x_wconf 90' lang='lat' dir='ltr'>quidem</span> <span class='ocrx_word' id='word_1_273' title='bbox 635 3695 700 3760; x_wconf 90' lang='lat' dir='ltr'>dici</span> <span class='ocrx_word' id='word_1_274' title='bbox 725 3708 818 3782; x_wconf 85' lang='lat' dir='ltr'>puto;</span> <span class='ocrx_word' id='word_1_275' title='bbox 846 3708 935 3762; x_wconf 88' lang='lat' dir='ltr'>recte</span> <span class='ocrx_word' id='word_1_276' title='bbox 958 3708 1072 3768; x_wconf 87' lang='lat' dir='ltr'>contra</span> <span class='ocrx_word' id='word_1_277' title='bbox 1092 3698 1211 3777; x_wconf 76' lang='lat' dir='ltr'>volare,</span> <span class='ocrx_word' id='word_1_278' title='bbox 1238 3698 1378 3780; x_wconf 69' lang='lat' dir='ltr'>celsiore,</span> 
     </span>
     <span class='ocr_line' id='line_1_33' title="bbox 322 3794 1379 3882; baseline 0.002 -23"><span class='ocrx_word' id='word_1_279' title='bbox 322 3795 425 3880; x_wconf 72' lang='lat' dir='ltr'>furi,</span> <span class='ocrx_word' id='word_1_280' title='bbox 452 3794 499 3859; x_wconf 73' lang='lat' dir='ltr'>ire</span> <span class='ocrx_word' id='word_1_281' title='bbox 515 3818 576 3881; x_wconf 76' lang='lat' dir='ltr'>per</span> <span class='ocrx_word' id='word_1_282' title='bbox 596 3818 654 3859; x_wconf 78' lang='lat' dir='ltr'>ora</span> <span class='ocrx_word' id='word_1_283' title='bbox 673 3806 807 3882; x_wconf 90' lang='lat' dir='ltr'>propter</span> <span class='ocrx_word' id='word_1_284' title='bbox 828 3817 916 3880; x_wconf 82' lang='lat' dir='ltr'>eam,</span> <span class='ocrx_word' id='word_1_285' title='bbox 944 3818 1028 3882; x_wconf 88' lang='lat' dir='ltr'>quae</span> <span class='ocrx_word' id='word_1_286' title='bbox 1048 3797 1146 3879; x_wconf 84' lang='lat' dir='ltr'>inest,</span> <span class='ocrx_word' id='word_1_287' title='bbox 1173 3796 1379 3881; x_wconf 73' lang='lat' dir='ltr'>significatio·</span> 
     </span>
     <span class='ocr_line' id='line_1_34' title="bbox 332 3894 1378 3983; baseline 0.007 -29"><span class='ocrx_word' id='word_1_288' title='bbox 332 3913 407 3956; x_wconf 91' lang='lat' dir='ltr'>nem</span> <span class='ocrx_word' id='word_1_289' title='bbox 422 3894 584 3959; x_wconf 91' lang='lat' dir='ltr'>movendi.</span> <span class='ocrx_word' id='word_1_290' title='bbox 612 3894 759 3961; x_wconf 85' lang='lat' dir='ltr'>Aliorum</span> <span class='ocrx_word' id='word_1_291' title='bbox 773 3894 1050 3977; x_wconf 82' lang='lat' dir='ltr'>hallucinationes,</span> <span class='ocrx_word' id='word_1_292' title='bbox 1072 3894 1173 3960; x_wconf 89' lang='lat' dir='ltr'>veluti</span> <span class='ocrx_word' id='word_1_293' title='bbox 1187 3894 1378 3983; x_wconf 85' lang='lat' dir='ltr'>Verburgii:</span> 
     </span>
    </p>
   </div>
   <div class='ocr_carea' id='block_1_4' title="bbox 419 4110 1365 4181">
    <p class='ocr_par' dir='ltr' id='par_1_4' title="bbox 419 4110 1365 4181">
     <span class='ocr_line' id='line_1_35' title="bbox 419 4110 1365 4181; baseline -0.004 -11"><span class='ocrx_word' id='word_1_294' title='bbox 419 4110 445 4175; x_wconf 86' lang='lat'>1)</span> <span class='ocrx_word' id='word_1_295' title='bbox 465 4112 524 4169; x_wconf 81' lang='lat' dir='ltr'>Hos</span> <span class='ocrx_word' id='word_1_296' title='bbox 541 4118 594 4172; x_wconf 81' lang='lat' dir='ltr'>tras</span> <span class='ocrx_word' id='word_1_297' title='bbox 613 4116 720 4167; x_wconf 81' lang='lat' dir='ltr'>eosdem</span> <span class='ocrx_word' id='word_1_298' title='bbox 738 4130 797 4167; x_wconf 79' lang='lat' dir='ltr'>esse</span> <span class='ocrx_word' id='word_1_299' title='bbox 814 4120 878 4181; x_wconf 83' lang='lat' dir='ltr'>puto</span> <span class='ocrx_word' id='word_1_300' title='bbox 896 4120 976 4181; x_wconf 82' lang='lat' dir='ltr'>etque</span> <span class='ocrx_word' id='word_1_301' title='bbox 993 4114 1132 4181; x_wconf 81' lang='lat' dir='ltr'>Spengelii</span> <span class='ocrx_word' id='word_1_302' title='bbox 1149 4113 1180 4166; x_wconf 80' lang='lat' dir='ltr'>G.</span> <span class='ocrx_word' id='word_1_303' title='bbox 1197 4113 1230 4167; x_wconf 81' lang='lat' dir='ltr'>B.</span> <span class='ocrx_word' id='word_1_304' title='bbox 1247 4131 1274 4181; x_wconf 79' lang='lat' dir='ltr'>g.</span> <span class='ocrx_word' id='word_1_305' title='bbox 1361 4161 1365 4166; x_wconf 90' lang='lat'><strong>.</strong></span> 
     </span>
    </p>
   </div>
   <div class='ocr_carea' id='block_1_5' title="bbox 0 0 1708 4959">
    <p class='ocr_par' dir='ltr' id='par_1_5' title="bbox 0 0 1708 4959">
     <span class='ocr_line' id='line_1_36' title="bbox 0 0 1708 4959; baseline 0 0"><span class='ocrx_word' id='word_1_306' title='bbox 0 0 1708 4959; x_wconf 95' lang='lat' dir='ltr'> </span> 
     </span>
    </p>
   </div>
  </div>
 </body>
</html>
