3392 4959
331 725 488 811 legendus
510 726 593 791 foret
613 728 675 791 ita:
704 726 814 791 Nonne
830 729 992 811 pramaiet
1011 730 1075 795 ista
1089 729 1138 794 mi
1151 728 1272 794 tacere?
1292 729 1376 796 Gur?

330 846 392 888 non
412 839 475 890 tam
501 826 601 889 latera
626 827 764 912 ecfututa
784 825 926 910 pandas,
952 828 1018 893 Nei
1041 842 1074 893 tu
1099 828 1178 913 qaid
1190 831 1305 916 facias
1329 832 1375 894 in-

303 1011 306 1017 ·
331 926 453 989 aarum.
489 925 562 988 Nisi
583 946 641 989 sua
662 926 776 1010 cuique
796 926 867 989 fere
889 928 1007 992 eximie
1027 928 1158 1015 placere
1180 930 1309 1014 scirem,
1330 932 1375 1003 ins,

329 1025 581 1109 terrogationem
606 1023 695 1087 illam
719 1045 799 1110 prae
826 1034 1006 1091 ceterarum
1034 1028 1289 1091 coniecturarum
1309 1028 1377 1094 lan-

330 1143 432 1208 guore
453 1124 567 1208 vigore
584 1122 725 1209 quodam
740 1122 787 1186 illi
802 1123 874 1188 loco
891 1125 1047 1211 imprimis
1064 1136 1138 1213 apto
1156 1126 1376 1194 commendari

329 1219 567 1286 contenderem.
612 1220 708 1302 Quod
730 1221 773 1285 ad
794 1225 1004 1289 mutationem
1024 1226 1150 1308 attinet,
1171 1248 1237 1290 non
1258 1226 1375 1291 desunt

330 1318 488 1405 exempla.
531 1321 615 1385 Nam
636 1331 667 1386 et
687 1321 760 1385 Non
785 1320 908 1387 mutata
928 1333 1001 1387 sunt
1023 1323 1137 1389 Catull.
1160 1324 1208 1409 X,
1229 1324 1296 1410 26,
1317 1324 1374 1390 ubi

328 1418 532 1498 Lachmanni
558 1420 600 1483 D.
628 1418 726 1484 habet
752 1442 839 1504 nam,
867 1421 906 1484 L.
927 1443 1004 1506 non3
1033 1446 1055 1486 a
1080 1433 1189 1488 autem
1215 1433 1248 1489 et
1269 1447 1287 1488 o
1308 1446 1377 1489 sae·

327 1519 416 1603 pius,
443 1518 557 1583 catull.
585 1518 727 1601 LXVII,
754 1518 821 1583 42:
850 1520 989 1584 mettin
1014 1521 1057 1586 D.
1085 1545 1154 1586 cam
1180 1524 1319 1588 amnicis
1344 1515 1373 1593 L

327 1645 362 1671 =
382 1615 546 1699 c’ancuiits,
568 1639 635 1682 cum
652 1619 791 1702 accidia
814 1619 975 1704 LXVIII,
992 1620 1058 1685 84.:
1080 1622 1209 1707 obrupto
1225 1622 1268 1685 D.
1287 1621 1372 1686 tce:

327 1729 402 1780 nota
420 1716 464 1781 D.
492 1739 566 1803 pro:
594 1730 685 1801 nata;
711 1718 836 1803 LXVI,
863 1719 932 1783 27.:
959 1743 1052 1803 qnam
1071 1720 1114 1784 D.
1137 1721 1176 1784 L.
1198 1742 1272 1806 pro:
1299 1743 1374 1805 quo;

327 1816 472 1900 LXVII,
494 1817 560 1880 33.:
587 1817 681 1881 Melie
707 1816 750 1880 D.
772 1817 811 1880 L.
834 1817 993 1901 XXXIV,
1017 1818 1082 1881 12:
1115 1817 1313 1901 Omniumque
1333 1819 1373 1884 L.

327 1915 461 1978 munium
486 1916 529 1977 D.
555 1936 630 1998 pro:
659 1915 808 1997 amnium3
836 1915 965 1998 LXIII,
987 1916 1053 1979 81.:
1081 1928 1164 2001 terqo
1188 1916 1232 1979 D.
1254 1916 1293 1980 L.
1320 1917 1374 1980 De

327 2033 344 2075 e
359 2020 391 2075 et
405 2013 423 2075 i
440 2013 627 2097 saepissime
647 2013 732 2076 inter
749 2034 784 2076 se
800 2014 990 2098 permutatis
1013 2012 1053 2077 cs.
1071 2014 1237 2078 Heraeum
1251 2037 1284 2102 p.
1302 2015 1373 2080 108.

326 2132 396 2198 sqq.
411 2110 615 2175 Trochaeum
637 2110 776 2197 denique
795 2112 900 2197 primo
920 2111 1185 2199 hendecasyllabi
1206 2112 1278 2178 loco
1292 2113 1373 2177 nihil

325 2209 447 2274 habere
469 2211 655 2275 offensionis
677 2210 851 2275 edocemur
872 2210 934 2276 Cat
980 2260 987 2275 .
1009 2212 1041 2295 I,
1062 2212 1092 2276 2.
1115 2213 1172 2276 dcc.
1198 2213 1372 2299 expressis-

326 2332 389 2395 que
410 2319 557 2375 veterum
576 2311 860 2396 grammaticorum
876 2312 1082 2395 testimoniis3
1104 2311 1240 2377 haberet
1255 2322 1371 2397 autem,

326 2410 354 2473 si
367 2431 501 2475 necesse
516 2421 607 2495 esset,
619 2411 861 2475 excusationem
875 2431 896 2474 a
910 2412 1076 2496 sequentis
1089 2410 1183 2476 verbi
1197 2422 1286 2476 muta
1298 2433 1372 2475 cum

325 2508 455 2593 liquida,
479 2508 595 2595 quibus
617 2508 844 2595 sicsyllabam
863 2508 1001 2595 produci
1022 2532 1119 2595 posse
1141 2510 1297 2597 exemplis
1319 2509 1372 2573 de

325 2608 517 2670 monstravit
536 2606 703 2671 Bentleius
725 2606 845 2692 Opusc.
867 2606 949 2670 Phil.
971 2630 1003 2692 p.
1024 2608 1096 2671 226.
1119 2607 1170 2671 ed.
1192 2609 1281 2695 Lips.

408 2705 601 2790 Priusquam
627 2703 670 2768 ab
698 2703 760 2767 hoc
787 2705 930 2769 carmine
957 2703 1175 2789 discedamus,
1202 2728 1292 2771 error
1317 2729 1371 2771 no

325 2804 444 2869 tandus
471 2812 521 2867 est
546 2802 664 2887 Silligii
685 2802 780 2867 Gens.
807 2826 839 2888 p.
862 2803 949 2886 274,
977 2805 1033 2889 qui
1059 2827 1090 2869 v.
1114 2805 1142 2868 7.
1169 2806 1372 2889 nequicquam

325 2906 451 2969 tacitum
474 2902 520 2967 ad
538 2914 569 2965 te
589 2902 702 2985 refert,
728 2923 854 2986 negans
875 2924 950 2965 cum
970 2903 1069 2966 arabile
1090 2903 1244 2987 coniungi
1264 2924 1370 2988 posse.

324 3003 412 3067 Huic
437 3002 556 3066 rationi
581 3002 721 3087 primum
748 2999 856 3065 obstat
881 2999 1056 3065 verborum
1078 2999 1246 3065 collocatio
1267 3010 1315 3085 et,
1341 3003 1371 3067 si

325 3101 404 3189 quid
429 3102 548 3185 sentio,
575 3101 671 3166 huius
698 3109 879 3165 structurae
899 3101 1009 3165 nescio
1033 3098 1111 3187 quid
1131 3121 1198 3164 non
1220 3099 1370 3165 Catullia

323 3225 415 3284 num3
438 3223 536 3288 quum
555 3201 754 3288 praesertim,
777 3200 805 3264 si
820 3199 1025 3285 amplectaris
1042 3198 1160 3284 Silligii
1177 3200 1370 3285 opinionem,

324 3298 441 3364 verba:
458 3301 659 3383 nequicquam
673 3300 798 3363 tacitum
814 3300 885 3363 sine
900 3298 964 3363 ullo
982 3299 1161 3363 sententiae
1178 3296 1369 3363 detrimento

324 3398 443 3461 omissa
470 3419 540 3461 esse
566 3399 704 3484 possint,
732 3407 847 3461 contra
874 3419 954 3461 cum
969 3398 1067 3462 acin
1088 3398 1261 3462 coniuncta
1280 3398 1370 3461 inex-

323 3504 503 3583 spectatum
524 3495 743 3581 elegantisque
764 3496 922 3559 acuminis
943 3493 1052 3559 lumen
1073 3497 1212 3559 orationi
1233 3495 1368 3561 addant.

324 3595 432 3675 Quare
447 3596 578 3659 remita
594 3592 832 3680 expediendam
847 3603 941 3679 puto:
964 3592 1113 3674 Quodvis
1132 3593 1238 3659 cubile
1256 3616 1369 3681 perse

322 3695 453 3782 quidem
473 3696 609 3759 tacitum
631 3703 680 3759 est
701 3703 734 3757 et
754 3702 890 3776 mutum3
918 3693 977 3757 sed
998 3716 1038 3758 ea
1058 3695 1260 3759 taciturnitas
1279 3713 1368 3756 nunc

322 3795 453 3881 quidem
466 3795 513 3859 nil
525 3794 586 3861 tibi
599 3794 731 3882 prodest
746 3792 961 3879 (nequicquam
974 3794 1124 3878 tacitum),
1137 3814 1234 3880 quum
1246 3792 1281 3854 in
1294 3791 1367 3874 ipso

321 3893 421 3958 cubili
433 3904 521 3959 certa
530 3896 629 3959 insint
642 3893 765 3958 indicia
776 3892 888 3978 (caia
898 3893 1033 3978 mma),
1045 3892 1169 3978 quibus,
1185 3888 1262 3978 quid
1276 3910 1368 3974 agas,

322 3992 486 4077 prodatur.
505 3992 692 4078 Ὀξύμωρον
708 4003 765 4077 est,
780 4003 815 4057 ut
828 4002 917 4056 recte
930 3993 996 4055 iam
1009 3991 1153 4055 Muretus
1170 3989 1367 4056 observavit.
