3392 4959
803 508 842 580 ll

722 595 922 607 —-———

297 725 378 790 duas
400 725 561 807 notiones3
582 723 720 809 primum
740 725 919 811 propriam,
940 723 976 789 id
997 724 1083 811 quod
1104 724 1223 807 ledae,
1244 728 1290 790 ita
1309 736 1343 791 ut

297 849 404 905 carum
429 824 531 887 aescae
556 822 633 908 qaid
652 822 789 910 simplex
811 833 895 889 esset
915 825 1118 889 accusativus
1139 823 1272 910 obiecti,
1298 824 1342 888 al-

297 935 400 989 teram
419 945 497 988 vero
521 932 769 1009 praegnantem,
791 921 826 986 id
844 922 931 1010 quod
945 922 1075 987 iocando
1092 924 1225 1009 affirm,
1248 945 1344 1009 quam

297 1025 460 1088 notionem
490 1044 557 1086 non
588 1022 694 1084 minus
725 1032 801 1105 puto
833 1022 989 1108 exemplis
1015 1021 1120 1092 fulciri
1146 1045 1211 1087 non
1236 1044 1344 1109 posse,

297 1144 393 1208 quam
419 1121 518 1188 talem
544 1120 676 1185 omnino
702 1118 857 1185 adiectivi
883 1131 915 1185 et
936 1119 1127 1186 substantivi
1149 1123 1343 1187 coniunctio

245 1213 248 1218 ’
296 1226 371 1285 u'em
392 1221 543 1285 Tacitino
571 1219 819 1284 convenientem
846 1240 917 1283 esse
944 1220 1086 1304 saeculo,
1117 1219 1344 1286 abhorrentem

298 1330 331 1385 ut
352 1340 448 1405 quam
468 1320 610 1383 maxime
625 1340 647 1381 a
662 1327 830 1384 venustate
847 1317 1037 1384 (latidliana.
1069 1317 1162 1383 Idem
1178 1319 1219 1396 de
1235 1321 1343 1405 priore

297 1418 514 1503 explicatione
541 1416 691 1481 dixerim.
734 1416 849 1504 anue
875 1417 1003 1483 videtur
1024 1439 1139 1483 caussa
1158 1418 1270 1503 fuisse,
1288 1441 1345 1483 eur

297 1516 352 1581 alii
378 1539 437 1603 pro
459 1516 537 1580 illud
563 1530 592 1580 ct
616 1520 646 1581 ln
672 1515 879 1582 scribendum
905 1539 976 1581 esse
998 1519 1244 1604 suspicarentur.
1288 1518 1344 1582 Sic

297 1614 512 1701 Verburgius:
538 1614 578 1677 Io
594 1616 769 1680 oolaa'olom
784 1652 833 1697 -,
854 1614 962 1698 Credo,
979 1616 1054 1681 dom·
1064 1620 1174 1704 provio
1189 1654 1244 1701 —,.
1256 1616 1343 1703 quod

297 1713 448 1800 probavit
468 1712 655 1779 Huschkius
677 1712 721 1800 (p.
744 1714 825 1799 66.);
853 1716 1055 1801 Doeringius-
1076 1718 1110 1780 in
1130 1726 1221 1781 textu
1244 1714 1344 1781 habet

297 1827 344 1897 at,
366 1814 400 1877 in
420 1814 505 1878 notis
528 1813 658 1878 coniicit
678 1815 713 1877 ia
733 1813 786 1879 vel
806 1813 860 1878 ad.
904 1814 993 1895 Quos
1015 1816 1103 1879 viros
1129 1826 1163 1881 ut
1186 1837 1252 1880 non
1273 1837 1344 1902 pos-

228 1993 231 1998 ,
297 1936 368 1977 sum
382 1934 449 1976 non
464 1910 605 1996 laudare,
628 1912 715 1998 quod
735 1922 859 1978 rectum
879 1915 1018 1977 sensisse
1034 1912 1214 1997 videantur,
1235 1926 1345 1979 tamen
1423 1905 1427 1914 ’

247 2066 250 2071 .
297 2033 421 2094 vereor,
442 2021 477 2075 ut
497 2011 681 2076 Latinitatis
702 2014 861 2077 rationem
881 2012 1061 2079 habuerint.
1093 2013 1223 2077 Etenim
1244 2014 1347 2077 iocari

297 2110 331 2174 ia
353 2108 477 2194 aliquid
500 2109 579 2174 nihil
606 2109 694 2174 aliud
719 2134 789 2176 esse
810 2122 887 2198 puto
909 2134 1006 2197 quam
1025 2112 1103 2176 iocis
1124 2111 1248 2196 alequid
1266 2113 1346 2175 iare·

298 2209 363 2293 qai.
383 2206 552 2272 Eiusmodi
567 2220 673 2273 autem
689 2208 791 2274 abusu
805 2212 1051 2296 praepositionis
1069 2211 1103 2273 in
1119 2211 1306 2295 saepissime
1323 2232 1345 2273 a

298 2304 530 2371 recentioribus
546 2319 713 2392 peceatum
730 2317 787 2372 est.
829 2309 902 2371 Iam
916 2319 951 2372 ut
964 2308 1100 2373 tandem.
1112 2319 1259 2373 nostram.
1271 2331 1344 2373 con·

298 2408 454 2473 iecturam
478 2404 691 2490 proferamus,
717 2405 789 2471 loco
812 2408 859 2470 sic
880 2406 1075 2471 medendum
1096 2428 1167 2471 esse
1189 2407 1346 2472 arbitror:

451 2506 491 2570 Ut
511 2505 687 2569 solotiolum
707 2507 762 2569 sui
779 2504 900 2571 dolorio

450 2606 599 2686 Quaerat,
622 2626 680 2689 quo
698 2606 810 2691 procos
828 2605 1007 2690 acquiescat
1025 2605 1138 2689 ordor,

297 2727 364 2791 quo
388 2716 533 2791 recepto,
565 2704 628 2768 uisi
655 2705 766 2770 omnia.
789 2727 841 2769 me
867 2705 993 2790 fallunt,
1026 2716 1058 2770 et
1083 2715 1161 2792 apta
1187 2707 1346 2771 sententia

298 2804 422 2890 evadit,
449 2815 481 2869 et
507 2806 611 2870 oratio.
637 2804 738 2890 digna
763 2804 832 2870 fluit
853 2804 971 2870 Catulli
997 2805 1198 2892 simplicitate
1224 2813 1256 2869 et
1276 2827 1346 2890 per-

298 2905 480 2990 spicuitate3
499 2914 594 2990 atque
611 2903 666 2968 illa
680 2903 810 2990 quidem
823 2915 891 2969 tam
905 2904 1034 2970 videtur
1046 2904 1200 2970 naturalis
1215 2926 1294 2988 esse,
1313 2913 1347 2968 ut

297 3003 439 3069 Muretus
455 3003 489 3068 in
506 3004 740 3069 commentario.
753 3025 809 3067 suo
826 3003 871 3068 ad
886 3003 917 3067 h.
929 3002 950 3067 l.
967 3002 1082 3067 eodem
1098 3003 1275 3089 quaerendi
1290 3024 1346 3067 vo-

298 3102 413 3169 cabulo
431 3126 506 3166 usus
523 3104 572 3168 sit.
601 3102 678 3188 ipsa
693 3101 811 3166 locutio
834 3100 987 3165 Solotiam
1008 3123 1154 3183 quaerere
1173 3101 1290 3185 legitur
1309 3102 1346 3165 in

297 3200 474 3265 Burmann.
497 3199 595 3263 Anth.
617 3199 690 3264 Lat.
712 3199 738 3262 I.
761 3220 792 3283 p.
808 3198 866 3263 ⁴45.
889 3197 935 3282 (v.
959 3198 1033 3283 lia).
1060 3199 1227 3285 ,Denique
1247 3209 1282 3264 ut
1303 3198 1348 3264 de

298 3296 407 3364 verbis
425 3298 581 3383 corruptis
598 3296 718 3384 aliquid
735 3297 856 3383 dicam,
872 3310 907 3361 ut
922 3306 953 3361 et
969 3292 1112 3384 et'saepe
1126 3300 1211 3364 inter
1227 3320 1262 3363 se
1278 3321 1346 3364 mu-

297 3407 365 3464 tata
381 3406 462 3462 sunt.
486 3396 541 3461 Sic
555 3396 589 3459 in
604 3395 699 3462 codd.
710 3396 916 3462 Lachmanni
931 3398 1039 3484 XVII,
1056 3397 1121 3464 15.:
1141 3399 1186 3463 Et
1198 3399 1236 3463 L.
1252 3398 1292 3465 Ut
1301 3401 1346 3467 D.

298 3496 392 3581 LXI,
414 3496 501 3561 207.:
528 3497 572 3561 Et
592 3496 688 3563 Indole
709 3510 738 3561 ct
758 3498 839 3563 ledet
859 3498 891 3561 D
906 3499 945 3563 L.
967 3521 1041 3587 pro:
1068 3497 1182 3563 India
1201 3513 1236 3564 ut
1257 3501 1345 3565 luta.

298 3596 412 3682 LXII,
424 3596 493 3661 49.;
514 3610 543 3661 et
562 3596 746 3662 Thuaneus.
767 3597 913 3682 LXXII,
930 3599 976 3663 4.:
999 3612 1028 3662 et
1041 3598 1080 3663 L.
1098 3611 1131 3662 at
1145 3599 1188 3663 D.
1204 3621 1278 3683 pro:
1300 3611 1344 3664 ut.

297 3695 458 3780 LXXVI,
485 3696 549 3761 12:
583 3709 617 3760 ot
642 3697 681 3761 L.
708 3696 851 3781 LXVII,
883 3698 949 3763 tt:
982 3711 1017 3761 ut
1041 3697 1084 3759 D.
1117 3710 1146 3760 et
1171 3697 1345 3763 Parisinus.
1416 3728 1420 3738 ·

298 3796 458 3881 LXVIII,
484 3795 550 3862 84.:
578 3809 607 3861 ct
627 3796 669 3861 D.
701 3794 797 3875 Quod
823 3818 883 3881 quo
909 3795 1024 3882 scripsi
1048 3816 1108 3881 pro
1130 3817 1220 3879 quom
1245 3782 1330 3882 (qod)

300 3915 365 3957 non
392 3906 453 3979 est,
481 3894 568 3981 quod
594 3894 751 3981 exemplis
773 3916 936 3959 excusem.
978 3892 1071 3958 Idem
1091 3895 1158 3959 iam
1177 3894 1345 3964 lacobsius

301 3992 473 4079 scripserat
503 4005 584 4060 teste
615 3993 789 4082 Spengelio
815 4018 847 4081 p.
877 3994 947 4059 110.
975 3994 1036 4058 sic:
1083 3992 1195 4077 Orode,
1226 4008 1261 4060 ut
1286 4019 1347 4082 quo

299 4093 408 4181 pravos
423 4093 587 4179 acquiescit
601 4093 706 4161 ardor.
739 4093 898 4160 Maiorem
920 4092 1139 4162 difficultatem
1159 4092 1280 4161 habere
1301 4097 1346 4163 vi·

1109 4195 1147 4247 2*
