3392 4959
810 515 852 589 39

734 599 939 615 -ι--ιιιι--ι-ί<

312 737 434 801 crimen
456 736 554 801 etiam
574 742 757 821 augeretur,
780 732 820 818 si,
843 756 908 821 qua
929 753 965 797 re
987 744 1171 800 cerneretur
1186 734 1357 823 rapacitas,

312 837 461 922 exemplo
481 834 669 900 addidisset.
701 834 882 898 Cinaedum
898 833 980 897 dixit
994 835 1085 898 initio
1102 857 1238 921 eumque
1254 859 1357 922 aeque

311 934 444 999 mollitie
465 958 504 1000 ac
524 936 703 1021 rapacitate
724 933 897 1016 famosum,
920 933 1008 1018 quod
1029 935 1168 1020 sapienti
1189 945 1248 999 sat.
1290 936 1356 998 Ex·

312 1044 494 1120 spectamus
526 1036 638 1119 igitur,
670 1040 705 1096 ut
736 1033 907 1117 aequitatis
935 1054 1050 1096 caussa
1076 1035 1263 1120 rapacitatis
1290 1045 1358 1098 tam

311 1134 402 1198 fortis
423 1136 533 1218 imago
556 1142 631 1197 ante
653 1130 762 1196 oculos
783 1141 923 1217 ponatur
944 1153 983 1195 ac
1004 1131 1148 1196 mollitiei
1167 1143 1358 1219 opponatur,

311 1242 346 1298 ut
368 1256 481 1298 sensus
502 1234 537 1296 in
559 1253 598 1296 ea
619 1232 828 1317 acquiescere
848 1232 959 1317 possit.
997 1229 1094 1311 Quod
1108 1233 1135 1295 si
1149 1243 1237 1297 recte
1253 1233 1359 1319 dispu-

310 1341 431 1414 tamus,
460 1331 500 1395 de
526 1341 618 1417 parte
640 1331 898 1394 coniecturarum
919 1331 984 1393 iam
1005 1340 1113 1394 actum
1135 1342 1192 1395 est.
1236 1332 1303 1397 Sed
1324 1335 1358 1395 in

311 1430 598 1518 reliquis0qu0que
625 1440 686 1513 est,
717 1429 804 1515 quod
831 1429 1013 1517 displiceat,
1040 1432 1138 1494 immo
1166 1441 1276 1517 aperte
1302 1430 1358 1494 fal-

312 1552 383 1593 sum
409 1531 458 1594 sit.
503 1529 583 1609 Quis
611 1530 696 1592 enim
722 1528 886 1614 intelligit,
915 1529 993 1615 quid
1019 1532 1061 1594 sit
1086 1530 1116 1594 h.
1139 1529 1159 1594 l.
1187 1530 1277 1613 diva,
1305 1530 1359 1594 vel

312 1628 390 1692 diva
421 1628 535 1693 mulier
567 1628 771 1713 similiaque?
818 1627 907 1692 Aves
935 1638 1043 1692 autem
1070 1631 1244 1694 oscitantes
1272 1628 1360 1714 quod

313 1727 424 1791 dicunt
446 1750 516 1791 esse
539 1728 748 1811 clamitantes
771 1727 874 1791 verba
892 1727 971 1791 dant
987 1749 1049 1791 nec
1064 1727 1129 1792 ullc
1147 1728 1360 1814 comprobare

310 1836 445 1913 possunt
466 1826 624 1913 exemplo.
648 1826 743 1892 Statii
765 1848 842 1891 vero
865 1828 1032 1890 cantitantes
1055 1849 1097 1890 ne
1119 1828 1273 1890 Latinum
1294 1828 1360 1914 qui·

312 1926 386 1990 dem
408 1948 479 1991 esse
499 1936 593 2013 puto3
617 1927 666 1990 sin
688 1937 795 1990 autem
817 1935 915 2009 esset,
938 1937 972 1991 ut
994 1948 1091 2009 oscen,
1114 1926 1155 1991 de
1177 1926 1292 1991 avibus
1315 1926 1361 1991 di

311 2036 438 2089 caretur
459 2048 514 2089 ore
536 2026 716 2111 auspicium
736 2025 943 2108 facientibus,
971 2027 1062 2089 cuius
1083 2027 1131 2089 rei
1151 2027 1240 2090 notio
1263 2025 1305 2089 ab
1327 2026 1359 2089 h.

310 2122 331 2187 l.
354 2123 461 2187 ahena
482 2134 538 2188 est.
562 2124 627 2207 (Of.
649 2124 740 2187 Paul.
762 2125 857 2187 Diae.
880 2147 904 2187 s.
927 2127 1045 2189 oscines
1064 2148 1096 2210 p.
1117 2125 1197 2207 115,
1217 2125 1305 2189 Fest.
1327 2148 1362 2210 p.
1446 2171 1449 2177 -

314 2222 383 2285 193.
414 2218 499 2306 [cum
519 2232 597 2286 ncta
618 2244 648 2306 p.
671 2220 754 2307 556.]
783 2221 898 2285 Isidor.
924 2222 1006 2304 XII,
1033 2225 1060 2305 7,
1084 2223 1132 2306 76,
1154 2245 1185 2309 p.
1207 2222 1279 2287 410.
1309 2223 1360 2288 ed.

311 2319 543 2404 Lindemann.)
587 2319 683 2399 Quod
711 2319 850 2405 denique
878 2322 1076 2405 scripserunt
1102 2323 1269 2385 conitentes
1289 2344 1361 2407 pro·
1443 2393 1445 2399 ¹

311 2419 439 2503 barem,
467 2418 639 2483 dummodo
666 2440 708 2482 ne
735 2440 813 2482 aves
841 2421 972 2483 omnino
1000 2442 1043 2483 ex
1068 2420 1223 2483 hocloco
1245 2420 1361 2505 sugere

311 2518 437 2583 vellem.
486 2519 566 2599 Quis
598 2520 684 2582 enim
714 2518 749 2581 in
777 2517 995 2605 descriptione
1022 2521 1221 2606 tempestatis
1247 2522 1376 2617 paucis·

312 2617 421 2683 verbis
448 2617 649 2682 absolvenda
675 2638 753 2682 aves
781 2618 816 2682 in
845 2618 938 2682 litore
960 2618 1255 2684 circumvolitantes
1278 2642 1361 2685 com-

311 2717 525 2781 memorabit?
566 2716 606 2780 Id
628 2726 703 2802 apte
724 2717 848 2781 faceret
870 2718 1020 2792 forsitan,
1047 2719 1103 2804 qui
1124 2718 1229 2783 multis
1251 2719 1361 2784 verbis

312 2816 355 2879 ad
380 2815 468 2879 illam
493 2816 724 2880 instituendam
749 2826 902 2881 uteretur.
944 2816 1026 2880 Mihi
1046 2817 1126 2881 nihil
1146 2820 1251 2903 magis
1272 2829 1362 2882 natu-

311 2914 378 2978 rale
394 2916 531 2999 videtur,
554 2917 581 2979 si
603 2916 644 2979 de
665 2915 804 2980 turbidis
824 2915 974 3002 procellis
996 2938 1100 2981 sermo
1123 2927 1180 3001 est,
1203 2916 1362 3002 quamde

310 3015 448 3079 navibus
470 3016 504 3080 vi
524 3015 678 3079 fluctuum
699 3016 826 3079 iactatis
849 3016 1002 3099 cogitare.
1047 3015 1157 3093 Quare
1182 3038 1249 3079 non
1271 3015 1362 3080 dubi·

311 3115 461 3195 laverim,
484 3114 562 3198 quin
584 3114 630 3176 sic
651 3114 740 3177 locus
762 3134 819 3176 auc
842 3114 940 3175 nitori
961 3113 1177 3176 restituendus
1199 3115 1254 3176 sit:
1283 3112 1361 3175 Cum

311 3211 384 3273 dira
404 3212 502 3273 maris
522 3212 618 3273 trenes
639 3211 772 3295 scaphas
794 3209 926 3274 ostendit
946 3224 1137 3295 aestuantes,
1159 3222 1194 3276 ut
1216 3211 1362 3277 Catullus

311 3332 343 3374 v.
372 3310 421 3372 12.
444 3317 477 3372 et
499 3310 563 3372 la:

460 3408 507 3472 Ne
528 3409 691 3472 insolenter
713 3421 831 3472 aestues
857 3410 938 3473 velut
958 3409 1077 3473 minuta
1097 3434 1206 3497 mcpnc

460 3509 623 3593 Deprensa
643 3510 734 3572 navas
755 3510 789 3572 s'n
810 3510 896 3572 mari
913 3512 1085 3573 vesaniente
1110 3525 1213 3591 cento,

311 3608 354 3673 ad
385 3608 471 3672 hunc
502 3631 631 3671 versum
657 3607 741 3671 belle
769 3618 917 3695 spectare
949 3608 1113 3692 videatur,
1150 3609 1362 3694 responderet

311 3710 396 3773 enim
419 3707 539 3792 scapha
560 3707 702 3770 minutae
723 3709 808 3791 navi,
832 3708 904 3771 dira
924 3707 1027 3770 hiems
1050 3709 1231 3772 vesanienti
1252 3719 1361 3790 vento,

311 3807 411 3871 verbo
450 3805 621 3872 aestuandi
657 3807 783 3890 utrique
820 3805 892 3871 lccc
932 3806 1102 3868 communi.
1165 3804 1221 3868 Ad
1256 3795 1371 3893 ipsam⁸

312 3907 519 3969 mutationem
557 3904 644 3991 quod
682 3907 810 3988 attinet,
856 3905 896 3967 dc
934 3904 1007 3967 dira
1043 3926 1102 3989 pro
1140 3904 1214 3967 decc
1252 3909 1360 3991 posito

313 4000 392 4063 nihil
424 4006 590 4087 speciatim
623 4003 706 4068 dice.
749 4003 860 4069 Verba
888 4015 1007 4068 autem:
1046 4002 1122 4069 011111
1155 4003 1229 4068 dein
1260 4008 1361 4072 maris

311 4100 408 4165 hienis
439 4122 503 4187 qua
533 4105 674 4169 nitantur
706 4104 912 4187 auctoritate,
951 4124 1047 4189 supra
1080 4103 1239 4188 uidimus,
1277 4129 1360 4192 quae
