<?xml version="1.0" encoding="UTF-8"?>
<!DOCTYPE html PUBLIC "-//W3C//DTD XHTML 1.0 Transitional//EN"
    "http://www.w3.org/TR/xhtml1/DTD/xhtml1-transitional.dtd">
<html xmlns="http://www.w3.org/1999/xhtml" xml:lang="en" lang="en">
 <head>
  <title>
</title>
<meta http-equiv="Content-Type" content="text/html;charset=utf-8" />
  <meta name='ocr-system' content='tesseract 3.04.00' />
  <meta name='ocr-capabilities' content='ocr_page ocr_carea ocr_par ocr_line ocrx_word'/>
</head>
<body>
  <div class='ocr_page' id='page_1' title='image "./lectionumcatull00pohlgoog_0040.png"; bbox 0 0 3392 4959; ppageno 0'>
   <div class='ocr_carea' id='block_1_1' title="bbox 316 729 1377 4179">
    <p class='ocr_par' dir='ltr' id='par_1_1' title="bbox 316 729 1377 4179">
     <span class='ocr_line' id='line_1_1' title="bbox 406 729 1372 820; baseline -0.002 -24"><span class='ocrx_word' id='word_1_1' title='bbox 406 732 457 797; x_wconf 85' lang='lat' dir='ltr'>Ac</span> <span class='ocrx_word' id='word_1_2' title='bbox 488 732 626 820; x_wconf 91' lang='lat' dir='ltr'>primum</span> <span class='ocrx_word' id='word_1_3' title='bbox 658 729 790 817; x_wconf 89' lang='lat' dir='ltr'>quidem</span> <span class='ocrx_word' id='word_1_4' title='bbox 824 731 964 813; x_wconf 86' lang='lat' dir='ltr'>mireris,</span> <span class='ocrx_word' id='word_1_5' title='bbox 1002 738 1132 815; x_wconf 88' lang='lat' dir='ltr'>praeter</span> <span class='ocrx_word' id='word_1_6' title='bbox 1148 729 1372 816; x_wconf 72' lang='lat' dir='ltr'>Meleagrum,</span> 
     </span>
     <span class='ocr_line' id='line_1_2' title="bbox 324 827 1371 916; baseline -0.004 -19"><span class='ocrx_word' id='word_1_7' title='bbox 324 832 532 897; x_wconf 86' lang='lat' dir='ltr'>Huschkium</span> <span class='ocrx_word' id='word_1_8' title='bbox 551 829 714 894; x_wconf 87' lang='lat' dir='ltr'>neminem</span> <span class='ocrx_word' id='word_1_9' title='bbox 734 830 769 892; x_wconf 95' lang='lat' dir='ltr'>in</span> <span class='ocrx_word' id='word_1_10' title='bbox 789 828 950 914; x_wconf 86' lang='lat' dir='ltr'>particula</span> <span class='ocrx_word' id='word_1_11' title='bbox 970 850 1044 891; x_wconf 79' lang='lat' dir='ltr'>eam</span> <span class='ocrx_word' id='word_1_12' title='bbox 1064 827 1253 914; x_wconf 80' lang='lat' dir='ltr'>offendisse3</span> <span class='ocrx_word' id='word_1_13' title='bbox 1275 852 1371 916; x_wconf 89' lang='lat' dir='ltr'>quam</span> 
     </span>
     <span class='ocr_line' id='line_1_3' title="bbox 323 925 1374 1016; baseline -0.003 -21"><span class='ocrx_word' id='word_1_14' title='bbox 323 925 522 1016; x_wconf 88' lang='lat' dir='ltr'>Doeringius</span> <span class='ocrx_word' id='word_1_15' title='bbox 548 930 594 994; x_wconf 88' lang='lat' dir='ltr'>ita</span> <span class='ocrx_word' id='word_1_16' title='bbox 618 930 860 1013; x_wconf 78' lang='lat' dir='ltr'>mterpretatin,</span> <span class='ocrx_word' id='word_1_17' title='bbox 886 937 921 993; x_wconf 91' lang='lat' dir='ltr'>ut</span> <span class='ocrx_word' id='word_1_18' title='bbox 946 929 1054 1013; x_wconf 90' lang='lat' dir='ltr'>priore</span> <span class='ocrx_word' id='word_1_19' title='bbox 1079 926 1151 992; x_wconf 89' lang='lat' dir='ltr'>loco</span> <span class='ocrx_word' id='word_1_20' title='bbox 1179 927 1225 1011; x_wconf 80' lang='lat' dir='ltr'>(v.</span> <span class='ocrx_word' id='word_1_21' title='bbox 1253 928 1299 1012; x_wconf 89' lang='grc'>6.)</span> <span class='ocrx_word' id='word_1_22' title='bbox 1324 950 1374 992; x_wconf 87' lang='lat' dir='ltr'>re·</span> 
     </span>
     <span class='ocr_line' id='line_1_4' title="bbox 323 1026 1374 1116; baseline -0.002 -22"><span class='ocrx_word' id='word_1_23' title='bbox 323 1030 407 1095; x_wconf 88' lang='lat' dir='ltr'>ferat</span> <span class='ocrx_word' id='word_1_24' title='bbox 423 1028 467 1093; x_wconf 88' lang='lat' dir='ltr'>ad</span> <span class='ocrx_word' id='word_1_25' title='bbox 482 1027 599 1094; x_wconf 86' lang='lat' dir='ltr'>verba:</span> <span class='ocrx_word' id='word_1_26' title='bbox 620 1028 722 1091; x_wconf 73' lang='lat' dir='ltr'>nermo</span> <span class='ocrx_word' id='word_1_27' title='bbox 743 1027 821 1112; x_wconf 80' lang='lat' dir='ltr'>quid</span> <span class='ocrx_word' id='word_1_28' title='bbox 831 1027 1023 1116; x_wconf 69' lang='lat' dir='ltr'>febrieumsi</span> <span class='ocrx_word' id='word_1_29' title='bbox 1040 1027 1138 1090; x_wconf 80' lang='lat' dir='ltr'>scorti</span> <span class='ocrx_word' id='word_1_30' title='bbox 1155 1026 1276 1113; x_wconf 55' lang='lat' dir='ltr'>delegem,</span> <span class='ocrx_word' id='word_1_31' title='bbox 1298 1049 1374 1113; x_wconf 75' lang='lat' dir='ltr'>que</span> 
     </span>
     <span class='ocr_line' id='line_1_5' title="bbox 323 1125 1375 1214; baseline -0.004 -21"><span class='ocrx_word' id='word_1_32' title='bbox 323 1152 394 1193; x_wconf 92' lang='lat' dir='ltr'>rum</span> <span class='ocrx_word' id='word_1_33' title='bbox 414 1128 496 1192; x_wconf 91' lang='lat' dir='ltr'>ratio</span> <span class='ocrx_word' id='word_1_34' title='bbox 517 1126 708 1191; x_wconf 75' lang='lat' dir='ltr'>subiiciatur</span> <span class='ocrx_word' id='word_1_35' title='bbox 728 1128 889 1193; x_wconf 86' lang='lat' dir='ltr'>sententia</span> <span class='ocrx_word' id='word_1_36' title='bbox 910 1128 1072 1214; x_wconf 83' lang='lat' dir='ltr'>sequenti:</span> <span class='ocrx_word' id='word_1_37' title='bbox 1094 1150 1168 1189; x_wconf 80' lang='lat' dir='ltr'>nam</span> <span class='ocrx_word' id='word_1_38' title='bbox 1187 1125 1225 1189; x_wconf 76' lang='lat' dir='ltr'>id</span> <span class='ocrx_word' id='word_1_39' title='bbox 1244 1138 1375 1190; x_wconf 78' lang='lat' dir='ltr'>testatur</span> 
     </span>
     <span class='ocr_line' id='line_1_6' title="bbox 316 1214 1373 1312; baseline -0.002 -22"><span class='ocrx_word' id='word_1_40' title='bbox 316 1214 437 1309; x_wconf 60' lang='grc' dir='ltr'>ἀιόίῖες</span> <span class='ocrx_word' id='word_1_41' title='bbox 460 1225 547 1312; x_wconf 90' lang='lat' dir='ltr'>quod</span> <span class='ocrx_word' id='word_1_42' title='bbox 567 1234 658 1290; x_wconf 87' lang='lat' dir='ltr'>reete</span> <span class='ocrx_word' id='word_1_43' title='bbox 678 1248 752 1290; x_wconf 89' lang='lat' dir='ltr'>eum</span> <span class='ocrx_word' id='word_1_44' title='bbox 773 1224 976 1312; x_wconf 84' lang='lat' dir='ltr'>exposuisse,</span> <span class='ocrx_word' id='word_1_45' title='bbox 998 1225 1033 1288; x_wconf 92' lang='lat' dir='ltr'>in</span> <span class='ocrx_word' id='word_1_46' title='bbox 1052 1234 1202 1312; x_wconf 91' lang='lat' dir='ltr'>promptu</span> <span class='ocrx_word' id='word_1_47' title='bbox 1223 1233 1280 1290; x_wconf 66' lang='lat' dir='ltr'>esti</span> <span class='ocrx_word' id='word_1_48' title='bbox 1317 1224 1373 1288; x_wconf 88' lang='lat' dir='ltr'>Al·</span> 
     </span>
     <span class='ocr_line' id='line_1_7' title="bbox 322 1323 1374 1410; baseline -0.003 -20"><span class='ocrx_word' id='word_1_49' title='bbox 322 1335 428 1390; x_wconf 87' lang='lat' dir='ltr'>terum</span> <span class='ocrx_word' id='word_1_50' title='bbox 453 1348 527 1388; x_wconf 79' lang='lat' dir='ltr'>eum</span> <span class='ocrx_word' id='word_1_51' title='bbox 553 1324 598 1408; x_wconf 85' lang='lat' dir='ltr'>(v.</span> <span class='ocrx_word' id='word_1_52' title='bbox 628 1325 693 1410; x_wconf 82' lang='lat'>12.)</span> <span class='ocrx_word' id='word_1_53' title='bbox 720 1325 818 1390; x_wconf 82' lang='lat' dir='ltr'>refert</span> <span class='ocrx_word' id='word_1_54' title='bbox 844 1325 889 1389; x_wconf 88' lang='lat' dir='ltr'>ad</span> <span class='ocrx_word' id='word_1_55' title='bbox 914 1323 1029 1390; x_wconf 85' lang='lat' dir='ltr'>verba:</span> <span class='ocrx_word' id='word_1_56' title='bbox 1061 1347 1117 1388; x_wconf 78' lang='lat' dir='ltr'>nee</span> <span class='ocrx_word' id='word_1_57' title='bbox 1141 1338 1242 1388; x_wconf 80' lang='lat' dir='ltr'>tacere</span> <span class='ocrx_word' id='word_1_58' title='bbox 1262 1347 1374 1409; x_wconf 79' lang='lat' dir='ltr'>posses</span> 
     </span>
     <span class='ocr_line' id='line_1_8' title="bbox 324 1422 1373 1510; baseline 0 -23"><span class='ocrx_word' id='word_1_59' title='bbox 324 1424 506 1510; x_wconf 79' lang='lat' dir='ltr'>explicans:</span> <span class='ocrx_word' id='word_1_60' title='bbox 528 1448 601 1487; x_wconf 77' lang='lat' dir='ltr'>uam</span> <span class='ocrx_word' id='word_1_61' title='bbox 621 1424 682 1488; x_wconf 77' lang='lat' dir='ltr'>:ihi</span> <span class='ocrx_word' id='word_1_62' title='bbox 699 1448 767 1488; x_wconf 77' lang='lat' dir='ltr'>orem</span> <span class='ocrx_word' id='word_1_63' title='bbox 787 1424 1003 1505; x_wconf 55' lang='lat' dir='ltr'>amarissimis,</span> <span class='ocrx_word' id='word_1_64' title='bbox 1023 1425 1077 1488; x_wconf 82' lang='lat' dir='ltr'>eui</span> <span class='ocrx_word' id='word_1_65' title='bbox 1093 1424 1313 1488; x_wconf 61' lang='lat' dir='ltr'>arbitrariam</span> <span class='ocrx_word' id='word_1_66' title='bbox 1324 1422 1373 1487; x_wconf 82' lang='lat' dir='ltr'>de-</span> 
     </span>
     <span class='ocr_line' id='line_1_9' title="bbox 323 1509 1372 1608; baseline 0.002 -23"><span class='ocrx_word' id='word_1_67' title='bbox 323 1522 385 1606; x_wconf 77' lang='lat' dir='ltr'>bet,</span> <span class='ocrx_word' id='word_1_68' title='bbox 407 1545 503 1608; x_wconf 86' lang='lat' dir='ltr'>quam</span> <span class='ocrx_word' id='word_1_69' title='bbox 524 1509 682 1587; x_wconf 83' lang='lat' dir='ltr'>rationem</span> <span class='ocrx_word' id='word_1_70' title='bbox 699 1521 883 1587; x_wconf 79' lang='lat' dir='ltr'>claudicare</span> <span class='ocrx_word' id='word_1_71' title='bbox 899 1533 986 1587; x_wconf 87' lang='lat' dir='ltr'>recte</span> <span class='ocrx_word' id='word_1_72' title='bbox 1005 1522 1157 1587; x_wconf 81' lang='lat' dir='ltr'>observat</span> <span class='ocrx_word' id='word_1_73' title='bbox 1173 1522 1372 1587; x_wconf 76' lang='lat' dir='ltr'>Huschkius</span> 
     </span>
     <span class='ocr_line' id='line_1_10' title="bbox 324 1619 1374 1708; baseline 0 -23"><span class='ocrx_word' id='word_1_74' title='bbox 324 1619 411 1701; x_wconf 79' lang='lat' dir='ltr'>Quid</span> <span class='ocrx_word' id='word_1_75' title='bbox 438 1622 525 1685; x_wconf 88' lang='lat' dir='ltr'>enim</span> <span class='ocrx_word' id='word_1_76' title='bbox 550 1644 582 1686; x_wconf 87' lang='lat' dir='ltr'>v.</span> <span class='ocrx_word' id='word_1_77' title='bbox 606 1621 655 1686; x_wconf 80' lang='lat'>12.</span> <span class='ocrx_word' id='word_1_78' title='bbox 684 1620 725 1686; x_wconf 90' lang='lat' dir='ltr'>de</span> <span class='ocrx_word' id='word_1_79' title='bbox 752 1621 963 1686; x_wconf 64' lang='lat' dir='ltr'>ammissione?</span> <span class='ocrx_word' id='word_1_80' title='bbox 1006 1622 1086 1702; x_wconf 79' lang='lat' dir='ltr'>Quis</span> <span class='ocrx_word' id='word_1_81' title='bbox 1111 1643 1208 1708; x_wconf 85' lang='lat' dir='ltr'>porro</span> <span class='ocrx_word' id='word_1_82' title='bbox 1233 1630 1306 1708; x_wconf 89' lang='lat' dir='ltr'>post</span> <span class='ocrx_word' id='word_1_83' title='bbox 1325 1630 1374 1685; x_wconf 88' lang='lat' dir='ltr'>tot</span> 
     </span>
     <span class='ocr_line' id='line_1_11' title="bbox 322 1719 1374 1807; baseline 0 -24"><span class='ocrx_word' id='word_1_84' title='bbox 322 1721 529 1807; x_wconf 88' lang='lat' dir='ltr'>interpositas</span> <span class='ocrx_word' id='word_1_85' title='bbox 551 1721 727 1785; x_wconf 85' lang='lat' dir='ltr'>sententias</span> <span class='ocrx_word' id='word_1_86' title='bbox 748 1735 924 1807; x_wconf 86' lang='lat' dir='ltr'>versusque</span> <span class='ocrx_word' id='word_1_87' title='bbox 941 1742 1027 1785; x_wconf 91' lang='lat' dir='ltr'>nunc</span> <span class='ocrx_word' id='word_1_88' title='bbox 1043 1719 1172 1785; x_wconf 89' lang='lat' dir='ltr'>demum</span> <span class='ocrx_word' id='word_1_89' title='bbox 1187 1742 1300 1785; x_wconf 87' lang='lat' dir='ltr'>versus</span> <span class='ocrx_word' id='word_1_90' title='bbox 1313 1729 1374 1785; x_wconf 86' lang='lat' dir='ltr'>ter·</span> 
     </span>
     <span class='ocr_line' id='line_1_12' title="bbox 321 1819 1374 1905; baseline -0.005 -20"><span class='ocrx_word' id='word_1_91' title='bbox 321 1820 360 1885; x_wconf 93' lang='lat' dir='ltr'>tii</span> <span class='ocrx_word' id='word_1_92' title='bbox 390 1820 551 1885; x_wconf 91' lang='lat' dir='ltr'>rationem</span> <span class='ocrx_word' id='word_1_93' title='bbox 581 1820 691 1884; x_wconf 83' lang='lat' dir='ltr'>afferri</span> <span class='ocrx_word' id='word_1_94' title='bbox 724 1819 927 1905; x_wconf 79' lang='lat' dir='ltr'>exspectabit</span> <span class='ocrx_word' id='word_1_95' title='bbox 957 1819 1115 1905; x_wconf 83' lang='lat' dir='ltr'>particula</span> <span class='ocrx_word' id='word_1_96' title='bbox 1144 1819 1239 1881; x_wconf 80' lang='lat' dir='ltr'>nam?</span> <span class='ocrx_word' id='word_1_97' title='bbox 1276 1839 1374 1903; x_wconf 87' lang='lat' dir='ltr'>quam</span> 
     </span>
     <span class='ocr_line' id='line_1_13' title="bbox 324 1914 1373 2003; baseline -0.003 -23"><span class='ocrx_word' id='word_1_98' title='bbox 324 1917 475 2003; x_wconf 87' lang='lat' dir='ltr'>equidem</span> <span class='ocrx_word' id='word_1_99' title='bbox 507 1921 633 2002; x_wconf 82' lang='lat' dir='ltr'>semper</span> <span class='ocrx_word' id='word_1_100' title='bbox 663 1919 776 2002; x_wconf 83' lang='lat' dir='ltr'>putavi</span> <span class='ocrx_word' id='word_1_101' title='bbox 805 1927 879 2002; x_wconf 89' lang='lat' dir='ltr'>post</span> <span class='ocrx_word' id='word_1_102' title='bbox 910 1919 1014 2001; x_wconf 88' lang='lat' dir='ltr'>ipsam</span> <span class='ocrx_word' id='word_1_103' title='bbox 1039 1916 1291 2001; x_wconf 83' lang='lat' dir='ltr'>propositionem</span> <span class='ocrx_word' id='word_1_104' title='bbox 1317 1914 1373 1978; x_wconf 88' lang='lat' dir='ltr'>ali-</span> 
     </span>
     <span class='ocr_line' id='line_1_14' title="bbox 324 2013 1375 2101; baseline 0 -22"><span class='ocrx_word' id='word_1_105' title='bbox 324 2036 420 2101; x_wconf 88' lang='lat' dir='ltr'>quam</span> <span class='ocrx_word' id='word_1_106' title='bbox 442 2016 549 2079; x_wconf 87' lang='lat' dir='ltr'>statim</span> <span class='ocrx_word' id='word_1_107' title='bbox 571 2016 661 2100; x_wconf 90' lang='lat' dir='ltr'>sequi</span> <span class='ocrx_word' id='word_1_108' title='bbox 678 2014 807 2098; x_wconf 84' lang='lat' dir='ltr'>debere,</span> <span class='ocrx_word' id='word_1_109' title='bbox 828 2036 872 2078; x_wconf 90' lang='lat' dir='ltr'>ne</span> <span class='ocrx_word' id='word_1_110' title='bbox 894 2014 971 2101; x_wconf 91' lang='lat' dir='ltr'>quid</span> <span class='ocrx_word' id='word_1_111' title='bbox 993 2013 1099 2078; x_wconf 85' lang='lat' dir='ltr'>dicam</span> <span class='ocrx_word' id='word_1_112' title='bbox 1120 2013 1161 2077; x_wconf 91' lang='lat' dir='ltr'>de</span> <span class='ocrx_word' id='word_1_113' title='bbox 1180 2014 1375 2100; x_wconf 83' lang='lat' dir='ltr'>repetitione</span> 
     </span>
     <span class='ocr_line' id='line_1_15' title="bbox 322 2111 1374 2199; baseline -0.002 -20"><span class='ocrx_word' id='word_1_114' title='bbox 322 2115 399 2179; x_wconf 86' lang='lat' dir='ltr'>satis</span> <span class='ocrx_word' id='word_1_115' title='bbox 416 2113 600 2198; x_wconf 89' lang='lat' dir='ltr'>ineleganti.</span> <span class='ocrx_word' id='word_1_116' title='bbox 629 2111 701 2193; x_wconf 79' lang='lat' dir='ltr'>Quo</span> <span class='ocrx_word' id='word_1_117' title='bbox 723 2123 831 2179; x_wconf 86' lang='lat' dir='ltr'>autem</span> <span class='ocrx_word' id='word_1_118' title='bbox 852 2114 921 2177; x_wconf 88' lang='lat' dir='ltr'>iure</span> <span class='ocrx_word' id='word_1_119' title='bbox 936 2113 1134 2199; x_wconf 87' lang='lat' dir='ltr'>Doeringius</span> <span class='ocrx_word' id='word_1_120' title='bbox 1155 2114 1374 2177; x_wconf 86' lang='lat' dir='ltr'>coniecturam</span> 
     </span>
     <span class='ocr_line' id='line_1_16' title="bbox 323 2211 1375 2298; baseline -0.001 -21"><span class='ocrx_word' id='word_1_121' title='bbox 323 2235 414 2278; x_wconf 86' lang='lat' dir='ltr'>suam</span> <span class='ocrx_word' id='word_1_122' title='bbox 435 2212 526 2277; x_wconf 88' lang='lat' dir='ltr'>hisee</span> <span class='ocrx_word' id='word_1_123' title='bbox 548 2212 716 2298; x_wconf 82' lang='lat' dir='ltr'>explanet:</span> <span class='ocrx_word' id='word_1_124' title='bbox 738 2212 837 2277; x_wconf 83' lang='lat' dir='ltr'>Nullo</span> <span class='ocrx_word' id='word_1_125' title='bbox 858 2237 955 2277; x_wconf 83' lang='lat' dir='ltr'>causa</span> <span class='ocrx_word' id='word_1_126' title='bbox 976 2226 1094 2277; x_wconf 71' lang='lat' dir='ltr'>tentum</span> <span class='ocrx_word' id='word_1_127' title='bbox 1114 2211 1203 2298; x_wconf 76' lang='lat' dir='ltr'>opud</span> <span class='ocrx_word' id='word_1_128' title='bbox 1223 2225 1251 2276; x_wconf 88' lang='lat' dir='ltr'>te</span> <span class='ocrx_word' id='word_1_129' title='bbox 1270 2214 1375 2277; x_wconf 80' lang='lat' dir='ltr'>valere</span> 
     </span>
     <span class='ocr_line' id='line_1_17' title="bbox 322 2312 1376 2398; baseline 0 -23"><span class='ocrx_word' id='word_1_130' title='bbox 322 2312 421 2394; x_wconf 79' lang='lat' dir='ltr'>debet,</span> <span class='ocrx_word' id='word_1_131' title='bbox 448 2325 483 2377; x_wconf 83' lang='lat' dir='ltr'>ut</span> <span class='ocrx_word' id='word_1_132' title='bbox 508 2317 578 2394; x_wconf 77' lang='lat' dir='ltr'>ista,</span> <span class='ocrx_word' id='word_1_133' title='bbox 605 2334 684 2396; x_wconf 78' lang='lat' dir='ltr'>quoe</span> <span class='ocrx_word' id='word_1_134' title='bbox 711 2334 844 2377; x_wconf 83' lang='lat' dir='ltr'>amorem</span> <span class='ocrx_word' id='word_1_135' title='bbox 871 2326 957 2377; x_wconf 71' lang='lat' dir='ltr'>mem</span> <span class='ocrx_word' id='word_1_136' title='bbox 982 2326 1134 2398; x_wconf 74' lang='lat' dir='ltr'>spectem,</span> <span class='ocrx_word' id='word_1_137' title='bbox 1160 2316 1199 2377; x_wconf 75' lang='lat' dir='ltr'>ni</span> <span class='ocrx_word' id='word_1_138' title='bbox 1220 2313 1279 2377; x_wconf 65' lang='lat' dir='ltr'>aei</span> <span class='ocrx_word' id='word_1_139' title='bbox 1298 2312 1376 2375; x_wconf 78' lang='lat' dir='ltr'>ami·</span> 
     </span>
     <span class='ocr_line' id='line_1_18' title="bbox 323 2402 1373 2494; baseline -0.001 -19"><span class='ocrx_word' id='word_1_140' title='bbox 323 2402 461 2494; x_wconf 63' lang='lat' dir='ltr'>emerim,</span> <span class='ocrx_word' id='word_1_141' title='bbox 493 2420 589 2478; x_wconf 63' lang='lat' dir='ltr'>wreus</span> <span class='ocrx_word' id='word_1_142' title='bbox 614 2412 758 2494; x_wconf 78' lang='lat' dir='ltr'>reticeas,</span> <span class='ocrx_word' id='word_1_143' title='bbox 791 2412 928 2478; x_wconf 89' lang='lat' dir='ltr'>aliorum</span> <span class='ocrx_word' id='word_1_144' title='bbox 953 2414 1110 2477; x_wconf 83' lang='lat' dir='ltr'>acuminis</span> <span class='ocrx_word' id='word_1_145' title='bbox 1137 2413 1178 2477; x_wconf 91' lang='lat' dir='ltr'>sit</span> <span class='ocrx_word' id='word_1_146' title='bbox 1203 2412 1373 2477; x_wconf 82' lang='lat' dir='ltr'>extricare.</span> 
     </span>
     <span class='ocr_line' id='line_1_19' title="bbox 322 2510 1375 2597; baseline 0.001 -25"><span class='ocrx_word' id='word_1_147' title='bbox 322 2510 375 2572; x_wconf 87' lang='lat' dir='ltr'>An</span> <span class='ocrx_word' id='word_1_148' title='bbox 396 2512 444 2576; x_wconf 71' lang='lat' dir='ltr'>ml</span> <span class='ocrx_word' id='word_1_149' title='bbox 454 2511 617 2596; x_wconf 79' lang='lat' dir='ltr'>praevalet</span> <span class='ocrx_word' id='word_1_150' title='bbox 632 2510 668 2574; x_wconf 87' lang='lat' dir='ltr'>id</span> <span class='ocrx_word' id='word_1_151' title='bbox 687 2533 758 2575; x_wconf 88' lang='lat' dir='ltr'>esse</span> <span class='ocrx_word' id='word_1_152' title='bbox 775 2521 895 2596; x_wconf 89' lang='lat' dir='ltr'>potest,</span> <span class='ocrx_word' id='word_1_153' title='bbox 918 2510 1018 2597; x_wconf 88' lang='lat' dir='ltr'>quod:</span> <span class='ocrx_word' id='word_1_154' title='bbox 1039 2512 1128 2574; x_wconf 72' lang='lat' dir='ltr'>nullo</span> <span class='ocrx_word' id='word_1_155' title='bbox 1142 2534 1240 2573; x_wconf 77' lang='lat' dir='ltr'>cause</span> <span class='ocrx_word' id='word_1_156' title='bbox 1255 2524 1375 2574; x_wconf 72' lang='lat' dir='ltr'>tamtan</span> 
     </span>
     <span class='ocr_line' id='line_1_20' title="bbox 322 2607 1375 2693; baseline 0.001 -23"><span class='ocrx_word' id='word_1_157' title='bbox 322 2607 411 2692; x_wconf 78' lang='lat' dir='ltr'>apud</span> <span class='ocrx_word' id='word_1_158' title='bbox 429 2620 457 2670; x_wconf 78' lang='lat' dir='ltr'>te</span> <span class='ocrx_word' id='word_1_159' title='bbox 476 2610 580 2672; x_wconf 72' lang='lat' dir='ltr'>vobere</span> <span class='ocrx_word' id='word_1_160' title='bbox 601 2609 707 2672; x_wconf 78' lang='lat' dir='ltr'>delet?</span> <span class='ocrx_word' id='word_1_161' title='bbox 735 2608 806 2670; x_wconf 86' lang='lat' dir='ltr'>Iam</span> <span class='ocrx_word' id='word_1_162' title='bbox 827 2619 862 2672; x_wconf 94' lang='lat' dir='ltr'>ut</span> <span class='ocrx_word' id='word_1_163' title='bbox 881 2607 926 2671; x_wconf 87' lang='lat' dir='ltr'>ad</span> <span class='ocrx_word' id='word_1_164' title='bbox 945 2608 1081 2673; x_wconf 85' lang='lat' dir='ltr'>alterum</span> <span class='ocrx_word' id='word_1_165' title='bbox 1094 2629 1281 2693; x_wconf 87' lang='lat' dir='ltr'>pergamus,</span> <span class='ocrx_word' id='word_1_166' title='bbox 1303 2630 1375 2673; x_wconf 71' lang='lat' dir='ltr'>ver-</span> 
     </span>
     <span class='ocr_line' id='line_1_21' title="bbox 322 2704 1374 2793; baseline 0 -23"><span class='ocrx_word' id='word_1_167' title='bbox 322 2705 400 2771; x_wconf 93' lang='lat' dir='ltr'>bum</span> <span class='ocrx_word' id='word_1_168' title='bbox 416 2706 592 2790; x_wconf 66' lang='lat' dir='ltr'>praeustae,</span> <span class='ocrx_word' id='word_1_169' title='bbox 621 2704 709 2790; x_wconf 87' lang='lat' dir='ltr'>quod</span> <span class='ocrx_word' id='word_1_170' title='bbox 736 2705 783 2767; x_wconf 90' lang='lat' dir='ltr'>sic</span> <span class='ocrx_word' id='word_1_171' title='bbox 803 2706 839 2768; x_wconf 91' lang='lat' dir='ltr'>in</span> <span class='ocrx_word' id='word_1_172' title='bbox 860 2704 1008 2770; x_wconf 89' lang='lat' dir='ltr'>omnibus</span> <span class='ocrx_word' id='word_1_173' title='bbox 1030 2705 1125 2770; x_wconf 82' lang='lat' dir='ltr'>codd.</span> <span class='ocrx_word' id='word_1_174' title='bbox 1147 2728 1223 2771; x_wconf 90' lang='lat' dir='ltr'>mss.</span> <span class='ocrx_word' id='word_1_175' title='bbox 1245 2715 1374 2793; x_wconf 85' lang='lat' dir='ltr'>praeter</span> 
     </span>
     <span class='ocr_line' id='line_1_22' title="bbox 322 2803 1374 2888; baseline 0 -19"><span class='ocrx_word' id='word_1_176' title='bbox 322 2827 421 2869; x_wconf 90' lang='lat' dir='ltr'>unum</span> <span class='ocrx_word' id='word_1_177' title='bbox 440 2804 559 2868; x_wconf 63' lang='lat' dir='ltr'>Dresm</span> <span class='ocrx_word' id='word_1_178' title='bbox 581 2803 713 2888; x_wconf 89' lang='lat' dir='ltr'>legitur,</span> <span class='ocrx_word' id='word_1_179' title='bbox 740 2824 807 2867; x_wconf 91' lang='lat' dir='ltr'>non</span> <span class='ocrx_word' id='word_1_180' title='bbox 833 2804 937 2868; x_wconf 90' lang='lat' dir='ltr'>ausim</span> <span class='ocrx_word' id='word_1_181' title='bbox 957 2815 1089 2869; x_wconf 87' lang='lat' dir='ltr'>mutare.</span> <span class='ocrx_word' id='word_1_182' title='bbox 1132 2805 1218 2869; x_wconf 85' lang='lat' dir='ltr'>Nam</span> <span class='ocrx_word' id='word_1_183' title='bbox 1238 2815 1307 2871; x_wconf 86' lang='lat' dir='ltr'>utut</span> <span class='ocrx_word' id='word_1_184' title='bbox 1326 2826 1374 2869; x_wconf 79' lang='lat' dir='ltr'>re</span> 
     </span>
     <span class='ocr_line' id='line_1_23' title="bbox 321 2900 1374 2989; baseline 0.002 -22"><span class='ocrx_word' id='word_1_185' title='bbox 321 2903 408 2989; x_wconf 88' lang='lat' dir='ltr'>liqua</span> <span class='ocrx_word' id='word_1_186' title='bbox 425 2901 538 2968; x_wconf 76' lang='lat' dir='ltr'>verba</span> <span class='ocrx_word' id='word_1_187' title='bbox 565 2900 782 2988; x_wconf 84' lang='lat' dir='ltr'>concipienda</span> <span class='ocrx_word' id='word_1_188' title='bbox 808 2913 895 2986; x_wconf 76' lang='lat' dir='ltr'>sumt,</span> <span class='ocrx_word' id='word_1_189' title='bbox 923 2912 1031 2967; x_wconf 88' lang='lat' dir='ltr'>tamen</span> <span class='ocrx_word' id='word_1_190' title='bbox 1051 2905 1214 2968; x_wconf 89' lang='lat' dir='ltr'>neminem</span> <span class='ocrx_word' id='word_1_191' title='bbox 1234 2905 1304 2970; x_wconf 90' lang='lat' dir='ltr'>fore</span> <span class='ocrx_word' id='word_1_192' title='bbox 1324 2926 1374 2969; x_wconf 85' lang='lat' dir='ltr'>ar·</span> 
     </span>
     <span class='ocr_line' id='line_1_24' title="bbox 322 2999 1375 3088; baseline 0.004 -23"><span class='ocrx_word' id='word_1_193' title='bbox 322 3000 438 3085; x_wconf 87' lang='lat' dir='ltr'>bitror,</span> <span class='ocrx_word' id='word_1_194' title='bbox 466 3002 555 3066; x_wconf 89' lang='lat' dir='ltr'>cuius</span> <span class='ocrx_word' id='word_1_195' title='bbox 577 3002 720 3066; x_wconf 88' lang='lat' dir='ltr'>animum</span> <span class='ocrx_word' id='word_1_196' title='bbox 741 2999 890 3066; x_wconf 86' lang='lat' dir='ltr'>codicum</span> <span class='ocrx_word' id='word_1_197' title='bbox 909 3001 1065 3066; x_wconf 86' lang='lat' dir='ltr'>lectiones</span> <span class='ocrx_word' id='word_1_198' title='bbox 1085 3002 1285 3088; x_wconf 86' lang='lat' dir='ltr'>inspicientis</span> <span class='ocrx_word' id='word_1_199' title='bbox 1306 3025 1375 3069; x_wconf 85' lang='lat' dir='ltr'>non</span> 
     </span>
     <span class='ocr_line' id='line_1_25' title="bbox 323 3099 1375 3188; baseline 0 -21"><span class='ocrx_word' id='word_1_200' title='bbox 323 3102 432 3167; x_wconf 86' lang='lat' dir='ltr'>statim</span> <span class='ocrx_word' id='word_1_201' title='bbox 457 3100 574 3167; x_wconf 88' lang='lat' dir='ltr'>subeat</span> <span class='ocrx_word' id='word_1_202' title='bbox 600 3101 769 3188; x_wconf 82' lang='lat' dir='ltr'>cogitatio,</span> <span class='ocrx_word' id='word_1_203' title='bbox 796 3100 862 3164; x_wconf 85' lang='lat' dir='ltr'>tale</span> <span class='ocrx_word' id='word_1_204' title='bbox 888 3100 967 3186; x_wconf 86' lang='lat' dir='ltr'>quid</span> <span class='ocrx_word' id='word_1_205' title='bbox 993 3099 1155 3166; x_wconf 83' lang='lat' dir='ltr'>Outullum</span> <span class='ocrx_word' id='word_1_206' title='bbox 1182 3100 1292 3166; x_wconf 85' lang='lat' dir='ltr'>dicere</span> <span class='ocrx_word' id='word_1_207' title='bbox 1318 3124 1375 3167; x_wconf 81' lang='lat' dir='ltr'>vo</span> 
     </span>
     <span class='ocr_line' id='line_1_26' title="bbox 321 3200 1375 3287; baseline 0.001 -23"><span class='ocrx_word' id='word_1_208' title='bbox 321 3200 433 3265; x_wconf 89' lang='lat' dir='ltr'>luisse:</span> <span class='ocrx_word' id='word_1_209' title='bbox 460 3200 650 3287; x_wconf 82' lang='lat' dir='ltr'>praevalere</span> <span class='ocrx_word' id='word_1_210' title='bbox 677 3202 699 3265; x_wconf 91' lang='lat' dir='ltr'>i.</span> <span class='ocrx_word' id='word_1_211' title='bbox 722 3222 751 3265; x_wconf 90' lang='lat' dir='ltr'>e.</span> <span class='ocrx_word' id='word_1_212' title='bbox 774 3200 874 3265; x_wconf 87' lang='lat' dir='ltr'>satius</span> <span class='ocrx_word' id='word_1_213' title='bbox 896 3222 981 3284; x_wconf 89' lang='lat' dir='ltr'>esse,</span> <span class='ocrx_word' id='word_1_214' title='bbox 1006 3210 1186 3287; x_wconf 83' lang='lat' dir='ltr'>praestare,</span> <span class='ocrx_word' id='word_1_215' title='bbox 1213 3200 1375 3287; x_wconf 86' lang='lat' dir='ltr'>Flavium,</span> 
     </span>
     <span class='ocr_line' id='line_1_27' title="bbox 323 3298 1376 3385; baseline 0.004 -24"><span class='ocrx_word' id='word_1_216' title='bbox 323 3298 401 3383; x_wconf 89' lang='lat' dir='ltr'>quid</span> <span class='ocrx_word' id='word_1_217' title='bbox 433 3310 524 3383; x_wconf 87' lang='lat' dir='ltr'>agat,</span> <span class='ocrx_word' id='word_1_218' title='bbox 557 3299 717 3382; x_wconf 81' lang='lat' dir='ltr'>confiteri,</span> <span class='ocrx_word' id='word_1_219' title='bbox 750 3320 846 3385; x_wconf 84' lang='lat' dir='ltr'>quam</span> <span class='ocrx_word' id='word_1_220' title='bbox 877 3308 997 3364; x_wconf 87' lang='lat' dir='ltr'>tacere.</span> <span class='ocrx_word' id='word_1_221' title='bbox 1045 3298 1110 3380; x_wconf 75' lang='lat' dir='ltr'>Qui</span> <span class='ocrx_word' id='word_1_222' title='bbox 1141 3298 1236 3363; x_wconf 87' lang='lat' dir='ltr'>verbi</span> <span class='ocrx_word' id='word_1_223' title='bbox 1261 3321 1376 3365; x_wconf 87' lang='lat' dir='ltr'>sensus</span> 
     </span>
     <span class='ocr_line' id='line_1_28' title="bbox 323 3397 1375 3483; baseline 0.003 -24"><span class='ocrx_word' id='word_1_224' title='bbox 323 3417 420 3481; x_wconf 90' lang='lat' dir='ltr'>quum</span> <span class='ocrx_word' id='word_1_225' title='bbox 441 3398 579 3481; x_wconf 88' lang='lat' dir='ltr'>optimus</span> <span class='ocrx_word' id='word_1_226' title='bbox 600 3398 653 3480; x_wconf 87' lang='lat' dir='ltr'>sit,</span> <span class='ocrx_word' id='word_1_227' title='bbox 676 3418 733 3461; x_wconf 89' lang='lat' dir='ltr'>cur</span> <span class='ocrx_word' id='word_1_228' title='bbox 753 3397 798 3461; x_wconf 88' lang='lat' dir='ltr'>ad</span> <span class='ocrx_word' id='word_1_229' title='bbox 818 3399 1012 3463; x_wconf 81' lang='lat' dir='ltr'>mutationes</span> <span class='ocrx_word' id='word_1_230' title='bbox 1033 3398 1282 3483; x_wconf 74' lang='lat' dir='ltr'>confligiamus‘?</span> <span class='ocrx_word' id='word_1_231' title='bbox 1321 3397 1375 3463; x_wconf 83' lang='lat' dir='ltr'>Id-</span> 
     </span>
     <span class='ocr_line' id='line_1_29' title="bbox 323 3495 1375 3584; baseline 0.003 -25"><span class='ocrx_word' id='word_1_232' title='bbox 323 3515 385 3580; x_wconf 90' lang='lat' dir='ltr'>que</span> <span class='ocrx_word' id='word_1_233' title='bbox 410 3503 536 3558; x_wconf 83' lang='lat' dir='ltr'>tentare</span> <span class='ocrx_word' id='word_1_234' title='bbox 563 3515 601 3559; x_wconf 86' lang='lat' dir='ltr'>eo</span> <span class='ocrx_word' id='word_1_235' title='bbox 627 3495 732 3559; x_wconf 91' lang='lat' dir='ltr'>minus</span> <span class='ocrx_word' id='word_1_236' title='bbox 751 3496 885 3568; x_wconf 61' lang='lat' dir='ltr'>,animus</span> <span class='ocrx_word' id='word_1_237' title='bbox 912 3497 986 3581; x_wconf 89' lang='lat' dir='ltr'>erit,</span> <span class='ocrx_word' id='word_1_238' title='bbox 1014 3496 1158 3582; x_wconf 85' lang='lat' dir='ltr'>quando,</span> <span class='ocrx_word' id='word_1_239' title='bbox 1186 3518 1270 3584; x_wconf 86' lang='lat' dir='ltr'>quae</span> <span class='ocrx_word' id='word_1_240' title='bbox 1295 3496 1375 3562; x_wconf 86' lang='lat' dir='ltr'>inde</span> 
     </span>
     <span class='ocr_line' id='line_1_30' title="bbox 324 3591 1375 3684; baseline 0.005 -27"><span class='ocrx_word' id='word_1_241' title='bbox 324 3591 525 3678; x_wconf 85' lang='lat' dir='ltr'>excuderint,</span> <span class='ocrx_word' id='word_1_242' title='bbox 547 3614 644 3680; x_wconf 87' lang='lat' dir='ltr'>quam</span> <span class='ocrx_word' id='word_1_243' title='bbox 665 3594 730 3657; x_wconf 88' lang='lat' dir='ltr'>sint</span> <span class='ocrx_word' id='word_1_244' title='bbox 750 3593 901 3678; x_wconf 82' lang='lat' dir='ltr'>infausta,</span> <span class='ocrx_word' id='word_1_245' title='bbox 923 3596 1180 3681; x_wconf 84' lang='lat' dir='ltr'>cognoverimus.</span> <span class='ocrx_word' id='word_1_246' title='bbox 1212 3597 1375 3684; x_wconf 84' lang='lat' dir='ltr'>Namqui</span> 
     </span>
     <span class='ocr_line' id='line_1_31' title="bbox 324 3692 1376 3781; baseline 0.002 -23"><span class='ocrx_word' id='word_1_247' title='bbox 324 3706 440 3778; x_wconf 69' lang='lat' dir='ltr'>suipra</span> <span class='ocrx_word' id='word_1_248' title='bbox 455 3692 631 3758; x_wconf 82' lang='lat' dir='ltr'>inferentes</span> <span class='ocrx_word' id='word_1_249' title='bbox 652 3692 739 3757; x_wconf 87' lang='lat' dir='ltr'>hunc</span> <span class='ocrx_word' id='word_1_250' title='bbox 760 3715 889 3759; x_wconf 86' lang='lat' dir='ltr'>versum</span> <span class='ocrx_word' id='word_1_251' title='bbox 910 3703 1109 3781; x_wconf 86' lang='lat' dir='ltr'>stuprarunt,</span> <span class='ocrx_word' id='word_1_252' title='bbox 1133 3717 1201 3760; x_wconf 90' lang='lat' dir='ltr'>non</span> <span class='ocrx_word' id='word_1_253' title='bbox 1220 3693 1376 3761; x_wconf 87' lang='lat' dir='ltr'>videntur</span> 
     </span>
     <span class='ocr_line' id='line_1_32' title="bbox 325 3791 1375 3881; baseline 0.002 -24"><span class='ocrx_word' id='word_1_254' title='bbox 325 3794 528 3880; x_wconf 86' lang='lat' dir='ltr'>cogitavisse,</span> <span class='ocrx_word' id='word_1_255' title='bbox 550 3792 631 3858; x_wconf 89' lang='lat' dir='ltr'>illud</span> <span class='ocrx_word' id='word_1_256' title='bbox 648 3791 843 3859; x_wconf 88' lang='lat' dir='ltr'>vocabulum</span> <span class='ocrx_word' id='word_1_257' title='bbox 865 3816 884 3859; x_wconf 88' lang='lat' dir='ltr'>e</span> <span class='ocrx_word' id='word_1_258' title='bbox 905 3796 1063 3861; x_wconf 84' lang='lat' dir='ltr'>sententia</span> <span class='ocrx_word' id='word_1_259' title='bbox 1084 3816 1206 3881; x_wconf 85' lang='lat' dir='ltr'>usuque</span> <span class='ocrx_word' id='word_1_260' title='bbox 1226 3802 1375 3860; x_wconf 86' lang='lat' dir='ltr'>veterum</span> 
     </span>
     <span class='ocr_line' id='line_1_33' title="bbox 323 3891 1376 3980; baseline 0.002 -23"><span class='ocrx_word' id='word_1_261' title='bbox 323 3915 390 3957; x_wconf 91' lang='lat' dir='ltr'>non</span> <span class='ocrx_word' id='word_1_262' title='bbox 413 3893 478 3957; x_wconf 87' lang='lat' dir='ltr'>dici</span> <span class='ocrx_word' id='word_1_263' title='bbox 497 3914 594 3978; x_wconf 90' lang='lat' dir='ltr'>posse</span> <span class='ocrx_word' id='word_1_264' title='bbox 616 3891 658 3957; x_wconf 86' lang='lat' dir='ltr'>de</span> <span class='ocrx_word' id='word_1_265' title='bbox 680 3915 728 3978; x_wconf 90' lang='lat' dir='ltr'>eo,</span> <span class='ocrx_word' id='word_1_266' title='bbox 751 3896 806 3980; x_wconf 89' lang='lat' dir='ltr'>qui</span> <span class='ocrx_word' id='word_1_267' title='bbox 826 3916 901 3960; x_wconf 86' lang='lat' dir='ltr'>cum</span> <span class='ocrx_word' id='word_1_268' title='bbox 920 3896 1090 3959; x_wconf 85' lang='lat' dir='ltr'>meretrice</span> <span class='ocrx_word' id='word_1_269' title='bbox 1106 3892 1376 3960; x_wconf 86' lang='lat' dir='ltr'>consuetudinem</span> 
     </span>
     <span class='ocr_line' id='line_1_34' title="bbox 324 3989 1377 4081; baseline 0.006 -28"><span class='ocrx_word' id='word_1_270' title='bbox 324 3990 458 4076; x_wconf 86' lang='lat' dir='ltr'>habeat,</span> <span class='ocrx_word' id='word_1_271' title='bbox 485 3989 544 4057; x_wconf 89' lang='lat' dir='ltr'>sed</span> <span class='ocrx_word' id='word_1_272' title='bbox 570 3989 612 4055; x_wconf 87' lang='lat' dir='ltr'>de</span> <span class='ocrx_word' id='word_1_273' title='bbox 637 3994 724 4079; x_wconf 83' lang='lat' dir='ltr'>turpi</span> <span class='ocrx_word' id='word_1_274' title='bbox 749 3993 923 4081; x_wconf 87' lang='lat' dir='ltr'>illicitoque</span> <span class='ocrx_word' id='word_1_275' title='bbox 951 4016 1024 4058; x_wconf 90' lang='lat' dir='ltr'>cum</span> <span class='ocrx_word' id='word_1_276' title='bbox 1048 3994 1178 4079; x_wconf 86' lang='lat' dir='ltr'>virgine</span> <span class='ocrx_word' id='word_1_277' title='bbox 1197 3993 1252 4060; x_wconf 84' lang='lat' dir='ltr'>vel</span> <span class='ocrx_word' id='word_1_278' title='bbox 1271 3993 1377 4061; x_wconf 82' lang='lat' dir='ltr'>vidua</span> 
     </span>
     <span class='ocr_line' id='line_1_35' title="bbox 327 4088 1374 4179; baseline 0.005 -27"><span class='ocrx_word' id='word_1_279' title='bbox 327 4089 514 4173; x_wconf 70' lang='lat' dir='ltr'>concubitu:</span> <span class='ocrx_word' id='word_1_280' title='bbox 540 4088 619 4154; x_wconf 90' lang='lat' dir='ltr'>mihi</span> <span class='ocrx_word' id='word_1_281' title='bbox 642 4100 729 4157; x_wconf 87' lang='lat' dir='ltr'>certe</span> <span class='ocrx_word' id='word_1_282' title='bbox 751 4092 934 4179; x_wconf 82' lang='lat' dir='ltr'>exemplum</span> <span class='ocrx_word' id='word_1_283' title='bbox 954 4114 1020 4157; x_wconf 93' lang='lat' dir='ltr'>non</span> <span class='ocrx_word' id='word_1_284' title='bbox 1041 4102 1092 4159; x_wconf 87' lang='lat' dir='ltr'>est</span> <span class='ocrx_word' id='word_1_285' title='bbox 1111 4102 1231 4170; x_wconf 85' lang='lat' dir='ltr'>notum.</span> <span class='ocrx_word' id='word_1_286' title='bbox 1275 4092 1374 4174; x_wconf 79' lang='lat' dir='ltr'>Quod</span> 
     </span>
    </p>
   </div>
   <div class='ocr_carea' id='block_1_2' title="bbox 0 0 1702 4959">
    <p class='ocr_par' dir='ltr' id='par_1_2' title="bbox 0 0 1702 4959">
     <span class='ocr_line' id='line_1_36' title="bbox 0 0 1702 4959; baseline 0 0"><span class='ocrx_word' id='word_1_287' title='bbox 0 0 1702 4959; x_wconf 95' lang='lat' dir='ltr'> </span> 
     </span>
    </p>
   </div>
  </div>
 </body>
</html>
