<?xml version="1.0" encoding="UTF-8"?>
<!DOCTYPE html PUBLIC "-//W3C//DTD XHTML 1.0 Transitional//EN"
    "http://www.w3.org/TR/xhtml1/DTD/xhtml1-transitional.dtd">
<html xmlns="http://www.w3.org/1999/xhtml" xml:lang="en" lang="en">
 <head>
  <title>
</title>
<meta http-equiv="Content-Type" content="text/html;charset=utf-8" />
  <meta name='ocr-system' content='tesseract 3.04.00' />
  <meta name='ocr-capabilities' content='ocr_page ocr_carea ocr_par ocr_line ocrx_word'/>
</head>
<body>
  <div class='ocr_page' id='page_1' title='image "./lectionumcatull00pohlgoog_0060.png"; bbox 0 0 3392 4959; ppageno 0'>
   <div class='ocr_carea' id='block_1_1' title="bbox 822 514 867 585">
    <p class='ocr_par' dir='ltr' id='par_1_1' title="bbox 822 514 867 585">
     <span class='ocr_line' id='line_1_1' title="bbox 822 514 867 585; baseline 0 0"><span class='ocrx_word' id='word_1_1' title='bbox 822 514 867 585; x_wconf 78' lang='lat'><strong>5⁰</strong></span> 
     </span>
    </p>
   </div>
   <div class='ocr_carea' id='block_1_2' title="bbox 743 601 941 619">
    <p class='ocr_par' dir='ltr' id='par_1_2' title="bbox 743 601 941 619">
     <span class='ocr_line' id='line_1_2' title="bbox 743 601 941 619; baseline -0.01 0"><span class='ocrx_word' id='word_1_2' title='bbox 743 601 941 619; x_wconf 41' lang='lat' dir='ltr'><strong>-T-ss</strong></span> 
     </span>
    </p>
   </div>
   <div class='ocr_carea' id='block_1_3' title="bbox 300 726 1375 4081">
    <p class='ocr_par' dir='ltr' id='par_1_3' title="bbox 300 726 1375 4081">
     <span class='ocr_line' id='line_1_3' title="bbox 323 726 1368 815; baseline 0.003 -26"><span class='ocrx_word' id='word_1_3' title='bbox 323 726 392 790; x_wconf 88' lang='lat' dir='ltr'><strong>sive</strong></span> <span class='ocrx_word' id='word_1_4' title='bbox 409 728 588 812; x_wconf 85' lang='lat' dir='ltr'><strong>generandi</strong></span> <span class='ocrx_word' id='word_1_5' title='bbox 609 730 676 793; x_wconf 83' lang='lat' dir='ltr'><strong>sive</strong></span> <span class='ocrx_word' id='word_1_6' title='bbox 694 727 834 792; x_wconf 79' lang='lat' dir='ltr'><strong>vocandi</strong></span> <span class='ocrx_word' id='word_1_7' title='bbox 852 749 928 792; x_wconf 90' lang='lat' dir='ltr'><strong>easu</strong></span> <span class='ocrx_word' id='word_1_8' title='bbox 945 729 1138 812; x_wconf 82' lang='lat' dir='ltr'><strong>efferremus,</strong></span> <span class='ocrx_word' id='word_1_9' title='bbox 1160 727 1280 815; x_wconf 91' lang='lat' dir='ltr'><strong>aliquid</strong></span> <span class='ocrx_word' id='word_1_10' title='bbox 1301 751 1368 792; x_wconf 80' lang='lat' dir='ltr'><strong>mo</strong></span> 
     </span>
     <span class='ocr_line' id='line_1_4' title="bbox 321 823 1367 913; baseline 0.004 -25"><span class='ocrx_word' id='word_1_11' title='bbox 321 823 393 889; x_wconf 89' lang='lat' dir='ltr'><strong>lesti</strong></span> <span class='ocrx_word' id='word_1_12' title='bbox 413 825 562 909; x_wconf 85' lang='lat' dir='ltr'><strong>-haberet3</strong></span> <span class='ocrx_word' id='word_1_13' title='bbox 591 826 741 913; x_wconf 87' lang='lat' dir='ltr'><strong>denique,</strong></span> <span class='ocrx_word' id='word_1_14' title='bbox 770 825 856 912; x_wconf 88' lang='lat' dir='ltr'><strong>quod</strong></span> <span class='ocrx_word' id='word_1_15' title='bbox 879 837 975 911; x_wconf 88' lang='lat' dir='ltr'><strong>eaput</strong></span> <span class='ocrx_word' id='word_1_16' title='bbox 997 838 1057 911; x_wconf 89' lang='lat' dir='ltr'><strong>est,</strong></span> <span class='ocrx_word' id='word_1_17' title='bbox 1086 828 1164 913; x_wconf 92' lang='lat' dir='ltr'><strong>quid</strong></span> <span class='ocrx_word' id='word_1_18' title='bbox 1187 837 1256 890; x_wconf 86' lang='lat' dir='ltr'><strong>erat</strong></span> <span class='ocrx_word' id='word_1_19' title='bbox 1278 849 1367 892; x_wconf 89' lang='lat' dir='ltr'><strong>eaus-</strong></span> 
     </span>
     <span class='ocr_line' id='line_1_5' title="bbox 322 924 1368 1012; baseline 0.005 -26"><span class='ocrx_word' id='word_1_20' title='bbox 322 946 391 1009; x_wconf 87' lang='lat' dir='ltr'><strong>sae,</strong></span> <span class='ocrx_word' id='word_1_21' title='bbox 420 948 481 988; x_wconf 86' lang='lat' dir='ltr'><strong>eur</strong></span> <span class='ocrx_word' id='word_1_22' title='bbox 506 924 592 989; x_wconf 87' lang='lat' dir='ltr'><strong>Attis</strong></span> <span class='ocrx_word' id='word_1_23' title='bbox 621 937 652 990; x_wconf 91' lang='lat' dir='ltr'><strong>et</strong></span> <span class='ocrx_word' id='word_1_24' title='bbox 679 935 869 1011; x_wconf 88' lang='lat' dir='ltr'><strong>tympanum</strong></span> <span class='ocrx_word' id='word_1_25' title='bbox 896 937 928 992; x_wconf 95' lang='lat' dir='ltr'><strong>et</strong></span> <span class='ocrx_word' id='word_1_26' title='bbox 952 925 1064 991; x_wconf 88' lang='lat' dir='ltr'><strong>tubam</strong></span> <span class='ocrx_word' id='word_1_27' title='bbox 1090 937 1234 1011; x_wconf 82' lang='lat' dir='ltr'><strong>caperet,</strong></span> <span class='ocrx_word' id='word_1_28' title='bbox 1268 949 1368 1012; x_wconf 92' lang='lat' dir='ltr'><strong>quum</strong></span> 
     </span>
     <span class='ocr_line' id='line_1_6' title="bbox 322 1023 1368 1111; baseline 0.003 -25"><span class='ocrx_word' id='word_1_29' title='bbox 322 1023 474 1087; x_wconf 89' lang='lat' dir='ltr'><strong>alterutro</strong></span> <span class='ocrx_word' id='word_1_30' title='bbox 500 1035 622 1088; x_wconf 89' lang='lat' dir='ltr'><strong>tantum</strong></span> <span class='ocrx_word' id='word_1_31' title='bbox 649 1026 696 1088; x_wconf 90' lang='lat' dir='ltr'><strong>uti</strong></span> <span class='ocrx_word' id='word_1_32' title='bbox 721 1025 854 1110; x_wconf 76' lang='lat' dir='ltr'><strong>posset?</strong></span> <span class='ocrx_word' id='word_1_33' title='bbox 897 1023 950 1088; x_wconf 85' lang='lat' dir='ltr'><strong>An</strong></span> <span class='ocrx_word' id='word_1_34' title='bbox 976 1035 1163 1111; x_wconf 85' lang='lat' dir='ltr'><strong>tympanum</strong></span> <span class='ocrx_word' id='word_1_35' title='bbox 1183 1024 1313 1110; x_wconf 86' lang='lat' dir='ltr'><strong>pulsare</strong></span> <span class='ocrx_word' id='word_1_36' title='bbox 1335 1035 1368 1090; x_wconf 88' lang='lat' dir='ltr'><strong>et</strong></span> 
     </span>
     <span class='ocr_line' id='line_1_7' title="bbox 321 1121 1367 1211; baseline 0.002 -26"><span class='ocrx_word' id='word_1_37' title='bbox 321 1121 400 1185; x_wconf 87' lang='lat' dir='ltr'><strong>tuba</strong></span> <span class='ocrx_word' id='word_1_38' title='bbox 421 1145 538 1186; x_wconf 85' lang='lat' dir='ltr'><strong>canere</strong></span> <span class='ocrx_word' id='word_1_39' title='bbox 561 1134 593 1187; x_wconf 90' lang='lat' dir='ltr'><strong>et</strong></span> <span class='ocrx_word' id='word_1_40' title='bbox 615 1146 669 1187; x_wconf 91' lang='lat' dir='ltr'><strong>ore</strong></span> <span class='ocrx_word' id='word_1_41' title='bbox 693 1134 824 1187; x_wconf 87' lang='lat' dir='ltr'><strong>eantare</strong></span> <span class='ocrx_word' id='word_1_42' title='bbox 846 1123 892 1206; x_wconf 82' lang='lat' dir='ltr'><strong>(v.</strong></span> <span class='ocrx_word' id='word_1_43' title='bbox 909 1123 974 1208; x_wconf 88' lang='lat'><strong>11.)</strong></span> <span class='ocrx_word' id='word_1_44' title='bbox 996 1124 1090 1188; x_wconf 89' lang='lat' dir='ltr'><strong>simul</strong></span> <span class='ocrx_word' id='word_1_45' title='bbox 1108 1125 1233 1211; x_wconf 79' lang='lat' dir='ltr'><strong>potuit?</strong></span> <span class='ocrx_word' id='word_1_46' title='bbox 1259 1122 1367 1210; x_wconf 84' lang='lat' dir='ltr'><strong>Atque</strong></span> 
     </span>
     <span class='ocr_line' id='line_1_8' title="bbox 322 1221 1367 1309; baseline 0.003 -27"><span class='ocrx_word' id='word_1_47' title='bbox 322 1222 450 1284; x_wconf 89' lang='lat' dir='ltr'><strong>nonnisi</strong></span> <span class='ocrx_word' id='word_1_48' title='bbox 472 1221 513 1285; x_wconf 88' lang='lat' dir='ltr'><strong>de</strong></span> <span class='ocrx_word' id='word_1_49' title='bbox 535 1233 689 1309; x_wconf 84' lang='lat' dir='ltr'><strong>tympano</strong></span> <span class='ocrx_word' id='word_1_50' title='bbox 711 1222 742 1285; x_wconf 93' lang='lat' dir='ltr'><strong>h.</strong></span> <span class='ocrx_word' id='word_1_51' title='bbox 762 1222 782 1286; x_wconf 90' lang='lat' dir='ltr'><strong>l.</strong></span> <span class='ocrx_word' id='word_1_52' title='bbox 806 1244 986 1287; x_wconf 90' lang='lat' dir='ltr'><strong>sermonem</strong></span> <span class='ocrx_word' id='word_1_53' title='bbox 1008 1245 1092 1307; x_wconf 88' lang='lat' dir='ltr'><strong>esse,</strong></span> <span class='ocrx_word' id='word_1_54' title='bbox 1117 1232 1206 1286; x_wconf 89' lang='lat' dir='ltr'><strong>reete</strong></span> <span class='ocrx_word' id='word_1_55' title='bbox 1226 1224 1292 1286; x_wconf 89' lang='lat' dir='ltr'><strong>iam</strong></span> <span class='ocrx_word' id='word_1_56' title='bbox 1312 1222 1367 1287; x_wconf 92' lang='lat' dir='ltr'><strong>ob-</strong></span> 
     </span>
     <span class='ocr_line' id='line_1_9' title="bbox 322 1320 1369 1407; baseline 0.003 -26"><span class='ocrx_word' id='word_1_57' title='bbox 322 1322 465 1384; x_wconf 81' lang='lat' dir='ltr'>servavit</span> <span class='ocrx_word' id='word_1_58' title='bbox 485 1321 640 1406; x_wconf 90' lang='lat' dir='ltr'><strong>Naekius,</strong></span> <span class='ocrx_word' id='word_1_59' title='bbox 663 1345 760 1407; x_wconf 92' lang='lat' dir='ltr'><strong>quum</strong></span> <span class='ocrx_word' id='word_1_60' title='bbox 780 1320 865 1387; x_wconf 86' lang='lat' dir='ltr'><strong>Attis</strong></span> <span class='ocrx_word' id='word_1_61' title='bbox 886 1344 945 1406; x_wconf 90' lang='lat' dir='ltr'><strong>per</strong></span> <span class='ocrx_word' id='word_1_62' title='bbox 965 1331 1066 1387; x_wconf 90' lang='lat' dir='ltr'><strong>totum</strong></span> <span class='ocrx_word' id='word_1_63' title='bbox 1088 1344 1218 1385; x_wconf 86' lang='lat' dir='ltr'><strong>carmen</strong></span> <span class='ocrx_word' id='word_1_64' title='bbox 1239 1323 1369 1385; x_wconf 85' lang='lat' dir='ltr'><strong>nonnisi</strong></span> 
     </span>
     <span class='ocr_line' id='line_1_10' title="bbox 320 1420 1368 1507; baseline 0.003 -27"><span class='ocrx_word' id='word_1_65' title='bbox 320 1428 511 1504; x_wconf 82' lang='lat' dir='ltr'><strong>tympanum</strong></span> <span class='ocrx_word' id='word_1_66' title='bbox 537 1431 630 1505; x_wconf 84' lang='lat' dir='ltr'><strong>gerat</strong></span> <span class='ocrx_word' id='word_1_67' title='bbox 657 1422 701 1506; x_wconf 81' lang='lat' dir='ltr'><strong>(v.</strong></span> <span class='ocrx_word' id='word_1_68' title='bbox 724 1421 800 1504; x_wconf 85' lang='grc'><strong>32).</strong></span> <span class='ocrx_word' id='word_1_69' title='bbox 842 1421 956 1506; x_wconf 88' lang='lat' dir='ltr'><strong>Itaque</strong></span> <span class='ocrx_word' id='word_1_70' title='bbox 982 1431 1017 1485; x_wconf 94' lang='lat' dir='ltr'><strong>ut</strong></span> <span class='ocrx_word' id='word_1_71' title='bbox 1038 1443 1073 1485; x_wconf 88' lang='lat' dir='ltr'><strong>se</strong></span> <span class='ocrx_word' id='word_1_72' title='bbox 1095 1420 1263 1507; x_wconf 84' lang='lat' dir='ltr'><strong>expediret</strong></span> <span class='ocrx_word' id='word_1_73' title='bbox 1284 1420 1315 1484; x_wconf 91' lang='lat' dir='ltr'><strong>h.</strong></span> <span class='ocrx_word' id='word_1_74' title='bbox 1336 1420 1368 1503; x_wconf 88' lang='lat' dir='ltr'><strong>l.,</strong></span> 
     </span>
     <span class='ocr_line' id='line_1_11' title="bbox 324 1517 1369 1608; baseline 0.003 -28"><span class='ocrx_word' id='word_1_75' title='bbox 324 1517 465 1601; x_wconf 85' lang='lat' dir='ltr'>Vossius,</span> <span class='ocrx_word' id='word_1_76' title='bbox 487 1519 645 1604; x_wconf 90' lang='lat' dir='ltr'><strong>probante</strong></span> <span class='ocrx_word' id='word_1_77' title='bbox 661 1521 797 1603; x_wconf 88' lang='lat' dir='ltr'><strong>Naekio,</strong></span> <span class='ocrx_word' id='word_1_78' title='bbox 819 1521 853 1582; x_wconf 91' lang='lat' dir='ltr'><strong>in</strong></span> <span class='ocrx_word' id='word_1_79' title='bbox 872 1542 941 1582; x_wconf 92' lang='lat' dir='ltr'><strong>rem</strong></span> <span class='ocrx_word' id='word_1_80' title='bbox 958 1541 1050 1583; x_wconf 90' lang='lat' dir='ltr'><strong>suam</strong></span> <span class='ocrx_word' id='word_1_81' title='bbox 1064 1519 1195 1585; x_wconf 87' lang='lat' dir='ltr'><strong>trahens</strong></span> <span class='ocrx_word' id='word_1_82' title='bbox 1210 1519 1369 1608; x_wconf 14' lang='lat' dir='ltr'><strong>Polyaenji</strong></span> 
     </span>
     <span class='ocr_line' id='line_1_12' title="bbox 324 1615 1369 1705; baseline 0.002 -26"><span class='ocrx_word' id='word_1_83' title='bbox 324 1625 356 1680; x_wconf 89' lang='lat' dir='ltr'><strong>et</strong></span> <span class='ocrx_word' id='word_1_84' title='bbox 377 1615 497 1681; x_wconf 84' lang='lat' dir='ltr'><strong>Suidae</strong></span> <span class='ocrx_word' id='word_1_85' title='bbox 519 1617 621 1702; x_wconf 88' lang='lat' dir='ltr'><strong>loeos,</strong></span> <span class='ocrx_word' id='word_1_86' title='bbox 648 1619 747 1683; x_wconf 90' lang='lat' dir='ltr'><strong>Indos</strong></span> <span class='ocrx_word' id='word_1_87' title='bbox 770 1618 928 1704; x_wconf 83' lang='lat' dir='ltr'>cymbalis</span> <span class='ocrx_word' id='word_1_88' title='bbox 951 1629 983 1684; x_wconf 89' lang='lat' dir='ltr'><strong>et</strong></span> <span class='ocrx_word' id='word_1_89' title='bbox 1002 1620 1164 1705; x_wconf 83' lang='lat' dir='ltr'><strong>tympanis</strong></span> <span class='ocrx_word' id='word_1_90' title='bbox 1185 1618 1239 1683; x_wconf 92' lang='lat' dir='ltr'><strong>vel</strong></span> <span class='ocrx_word' id='word_1_91' title='bbox 1259 1619 1369 1704; x_wconf 84' lang='lat' dir='ltr'><strong>flagel-</strong></span> 
     </span>
     <span class='ocr_line' id='line_1_13' title="bbox 322 1714 1369 1803; baseline 0.003 -26"><span class='ocrx_word' id='word_1_92' title='bbox 322 1714 362 1778; x_wconf 88' lang='lat' dir='ltr'><strong>lis</strong></span> <span class='ocrx_word' id='word_1_93' title='bbox 388 1715 486 1780; x_wconf 88' lang='lat' dir='ltr'><strong>tubae</strong></span> <span class='ocrx_word' id='word_1_94' title='bbox 511 1717 584 1782; x_wconf 85' lang='lat' dir='ltr'><strong>loeo</strong></span> <span class='ocrx_word' id='word_1_95' title='bbox 612 1741 687 1783; x_wconf 90' lang='lat' dir='ltr'><strong>usos</strong></span> <span class='ocrx_word' id='word_1_96' title='bbox 711 1741 781 1783; x_wconf 86' lang='lat' dir='ltr'><strong>esse</strong></span> <span class='ocrx_word' id='word_1_97' title='bbox 807 1718 1022 1801; x_wconf 81' lang='lat' dir='ltr'>narrantium,</span> <span class='ocrx_word' id='word_1_98' title='bbox 1049 1718 1160 1782; x_wconf 89' lang='lat' dir='ltr'><strong>verbis</strong></span> <span class='ocrx_word' id='word_1_99' title='bbox 1186 1719 1288 1781; x_wconf 83' lang='lat' dir='ltr'><strong>tabum</strong></span> <span class='ocrx_word' id='word_1_100' title='bbox 1312 1716 1369 1803; x_wconf 73' lang='lat' dir='ltr'><strong>Gy-</strong></span> 
     </span>
     <span class='ocr_line' id='line_1_14' title="bbox 321 1815 1370 1904; baseline 0.003 -27"><span class='ocrx_word' id='word_1_101' title='bbox 321 1815 416 1878; x_wconf 80' lang='lat' dir='ltr'><strong>beller</strong></span> <span class='ocrx_word' id='word_1_102' title='bbox 447 1817 642 1881; x_wconf 80' lang='lat' dir='ltr'><strong>antecedens</strong></span> <span class='ocrx_word' id='word_1_103' title='bbox 675 1816 830 1903; x_wconf 81' lang='lat' dir='ltr'><strong>explicari</strong></span> <span class='ocrx_word' id='word_1_104' title='bbox 861 1827 965 1904; x_wconf 90' lang='lat' dir='ltr'><strong>putat,</strong></span> <span class='ocrx_word' id='word_1_105' title='bbox 997 1818 1090 1903; x_wconf 81' lang='lat' dir='ltr'><strong>quasi</strong></span> <span class='ocrx_word' id='word_1_106' title='bbox 1119 1826 1227 1903; x_wconf 88' lang='lat' dir='ltr'><strong>poeta,</strong></span> <span class='ocrx_word' id='word_1_107' title='bbox 1260 1825 1295 1879; x_wconf 92' lang='lat' dir='ltr'><strong>ut</strong></span> <span class='ocrx_word' id='word_1_108' title='bbox 1323 1818 1370 1880; x_wconf 90' lang='lat' dir='ltr'><strong>ait</strong></span> 
     </span>
     <span class='ocr_line' id='line_1_15' title="bbox 300 1913 1369 2001; baseline 0.001 -25"><span class='ocrx_word' id='word_1_109' title='bbox 300 1913 531 1999; x_wconf 19' lang='lat' dir='ltr'><strong>nDoeringius,</strong></span> <span class='ocrx_word' id='word_1_110' title='bbox 546 1938 605 1979; x_wconf 89' lang='lat' dir='ltr'><strong>nos</strong></span> <span class='ocrx_word' id='word_1_111' title='bbox 623 1916 740 1980; x_wconf 86' lang='lat' dir='ltr'><strong>dooere</strong></span> <span class='ocrx_word' id='word_1_112' title='bbox 755 1917 900 2000; x_wconf 85' lang='lat' dir='ltr'><strong>voluerit,</strong></span> <span class='ocrx_word' id='word_1_113' title='bbox 918 1927 1106 2001; x_wconf 88' lang='lat' dir='ltr'><strong>tympanum</strong></span> <span class='ocrx_word' id='word_1_114' title='bbox 1118 1914 1214 1980; x_wconf 89' lang='lat' dir='ltr'><strong>tubae</strong></span> <span class='ocrx_word' id='word_1_115' title='bbox 1229 1916 1318 1979; x_wconf 87' lang='lat' dir='ltr'><strong>viees</strong></span> <span class='ocrx_word' id='word_1_116' title='bbox 1333 1915 1369 1977; x_wconf 91' lang='lat' dir='ltr'><strong>in</strong></span> 
     </span>
     <span class='ocr_line' id='line_1_16' title="bbox 324 2012 1368 2101; baseline 0.004 -28"><span class='ocrx_word' id='word_1_117' title='bbox 324 2012 425 2075; x_wconf 89' lang='lat' dir='ltr'><strong>saeris</strong></span> <span class='ocrx_word' id='word_1_118' title='bbox 448 2012 587 2098; x_wconf 81' lang='lat' dir='ltr'><strong>Cybeles</strong></span> <span class='ocrx_word' id='word_1_119' title='bbox 609 2015 758 2099; x_wconf 85' lang='lat' dir='ltr'><strong>subiisse,</strong></span> <span class='ocrx_word' id='word_1_120' title='bbox 785 2014 873 2101; x_wconf 88' lang='lat' dir='ltr'><strong>quod</strong></span> <span class='ocrx_word' id='word_1_121' title='bbox 894 2038 992 2100; x_wconf 92' lang='lat' dir='ltr'><strong>quam</strong></span> <span class='ocrx_word' id='word_1_122' title='bbox 1011 2013 1165 2099; x_wconf 78' lang='lat' dir='ltr'><strong>frigidum</strong></span> <span class='ocrx_word' id='word_1_123' title='bbox 1186 2016 1227 2079; x_wconf 87' lang='lat' dir='ltr'><strong>sit</strong></span> <span class='ocrx_word' id='word_1_124' title='bbox 1248 2024 1280 2077; x_wconf 92' lang='lat' dir='ltr'><strong>et</strong></span> <span class='ocrx_word' id='word_1_125' title='bbox 1300 2036 1368 2077; x_wconf 92' lang='lat' dir='ltr'><strong>non</strong></span> 
     </span>
     <span class='ocr_line' id='line_1_17' title="bbox 324 2110 1367 2200; baseline 0.001 -27"><span class='ocrx_word' id='word_1_126' title='bbox 324 2110 501 2175; x_wconf 88' lang='lat' dir='ltr'><strong>sublimiori</strong></span> <span class='ocrx_word' id='word_1_127' title='bbox 527 2123 663 2197; x_wconf 90' lang='lat' dir='ltr'><strong>tantum,</strong></span> <span class='ocrx_word' id='word_1_128' title='bbox 691 2115 757 2186; x_wconf 85' lang='lat' dir='ltr'><strong>sed¹</strong></span> <span class='ocrx_word' id='word_1_129' title='bbox 774 2136 966 2200; x_wconf 91' lang='lat' dir='ltr'><strong>quoeunque</strong></span> <span class='ocrx_word' id='word_1_130' title='bbox 987 2113 1050 2177; x_wconf 87' lang='lat' dir='ltr'><strong>alio</strong></span> <span class='ocrx_word' id='word_1_131' title='bbox 1071 2122 1169 2200; x_wconf 88' lang='lat' dir='ltr'><strong>poeta</strong></span> <span class='ocrx_word' id='word_1_132' title='bbox 1188 2111 1367 2197; x_wconf 83' lang='lat' dir='ltr'><strong>indignum,</strong></span> 
     </span>
     <span class='ocr_line' id='line_1_18' title="bbox 326 2209 1369 2298; baseline 0 -26"><span class='ocrx_word' id='word_1_133' title='bbox 326 2209 412 2273; x_wconf 90' lang='lat' dir='ltr'><strong>idem</strong></span> <span class='ocrx_word' id='word_1_134' title='bbox 432 2212 629 2298; x_wconf 83' lang='lat' dir='ltr'><strong>Deeringius</strong></span> <span class='ocrx_word' id='word_1_135' title='bbox 656 2225 743 2279; x_wconf 89' lang='lat' dir='ltr'><strong>reete</strong></span> <span class='ocrx_word' id='word_1_136' title='bbox 772 2214 881 2277; x_wconf 86' lang='lat' dir='ltr'><strong>sensit.</strong></span> <span class='ocrx_word' id='word_1_137' title='bbox 926 2212 1034 2298; x_wconf 88' lang='lat' dir='ltr'><strong>Atque</strong></span> <span class='ocrx_word' id='word_1_138' title='bbox 1061 2211 1139 2298; x_wconf 92' lang='lat' dir='ltr'><strong>quid</strong></span> <span class='ocrx_word' id='word_1_139' title='bbox 1161 2209 1296 2274; x_wconf 80' lang='lat' dir='ltr'><strong>Graecis</strong></span> <span class='ocrx_word' id='word_1_140' title='bbox 1316 2209 1369 2275; x_wconf 86' lang='lat' dir='ltr'><strong>vel</strong></span> 
     </span>
     <span class='ocr_line' id='line_1_19' title="bbox 326 2309 1370 2398; baseline 0 -27"><span class='ocrx_word' id='word_1_141' title='bbox 326 2309 510 2395; x_wconf 83' lang='lat' dir='ltr'><strong>Phrygibus</strong></span> <span class='ocrx_word' id='word_1_142' title='bbox 538 2334 609 2375; x_wconf 90' lang='lat' dir='ltr'><strong>eum</strong></span> <span class='ocrx_word' id='word_1_143' title='bbox 631 2312 733 2397; x_wconf 86' lang='lat' dir='ltr'><strong>Indis,</strong></span> <span class='ocrx_word' id='word_1_144' title='bbox 764 2335 842 2398; x_wconf 91' lang='lat' dir='ltr'><strong>quos</strong></span> <span class='ocrx_word' id='word_1_145' title='bbox 863 2310 984 2375; x_wconf 81' lang='lat' dir='ltr'><strong>Attinis</strong></span> <span class='ocrx_word' id='word_1_146' title='bbox 1010 2309 1208 2395; x_wconf 88' lang='lat' dir='ltr'><strong>temporibus</strong></span> <span class='ocrx_word' id='word_1_147' title='bbox 1229 2309 1290 2372; x_wconf 91' lang='lat' dir='ltr'><strong>illis</strong></span> <span class='ocrx_word' id='word_1_148' title='bbox 1311 2309 1370 2373; x_wconf 85' lang='lat' dir='ltr'><strong>vix</strong></span> 
     </span>
     <span class='ocr_line' id='line_1_20' title="bbox 323 2408 1369 2498; baseline -0.001 -27"><span class='ocrx_word' id='word_1_149' title='bbox 323 2411 454 2473; x_wconf 86' lang='lat' dir='ltr'><strong>nomine</strong></span> <span class='ocrx_word' id='word_1_150' title='bbox 475 2421 567 2475; x_wconf 92' lang='lat' dir='ltr'><strong>notos</strong></span> <span class='ocrx_word' id='word_1_151' title='bbox 588 2410 687 2475; x_wconf 84' lang='lat' dir='ltr'><strong>fuisse</strong></span> <span class='ocrx_word' id='word_1_152' title='bbox 708 2412 808 2498; x_wconf 82' lang='lat' dir='ltr'><strong>puto?</strong></span> <span class='ocrx_word' id='word_1_153' title='bbox 851 2412 952 2478; x_wconf 90' lang='lat' dir='ltr'><strong>Porro</strong></span> <span class='ocrx_word' id='word_1_154' title='bbox 975 2414 1071 2496; x_wconf 88' lang='lat' dir='ltr'><strong>q&#39;uam</strong></span> <span class='ocrx_word' id='word_1_155' title='bbox 1092 2410 1208 2473; x_wconf 86' lang='lat' dir='ltr'><strong>mirum</strong></span> <span class='ocrx_word' id='word_1_156' title='bbox 1229 2417 1314 2472; x_wconf 88' lang='lat' dir='ltr'><strong>esset</strong></span> <span class='ocrx_word' id='word_1_157' title='bbox 1333 2408 1369 2470; x_wconf 91' lang='lat' dir='ltr'><strong>in</strong></span> 
     </span>
     <span class='ocr_line' id='line_1_21' title="bbox 326 2507 1369 2596; baseline -0.002 -25"><span class='ocrx_word' id='word_1_158' title='bbox 326 2507 441 2572; x_wconf 88' lang='lat' dir='ltr'><strong>eodem</strong></span> <span class='ocrx_word' id='word_1_159' title='bbox 467 2532 562 2574; x_wconf 91' lang='lat' dir='ltr'><strong>versu</strong></span> <span class='ocrx_word' id='word_1_160' title='bbox 589 2510 743 2595; x_wconf 79' lang='lat' dir='ltr'><strong>Cybeles,</strong></span> <span class='ocrx_word' id='word_1_161' title='bbox 770 2521 924 2596; x_wconf 90' lang='lat' dir='ltr'><strong>tanquam</strong></span> <span class='ocrx_word' id='word_1_162' title='bbox 949 2530 1120 2594; x_wconf 84' lang='lat' dir='ltr'><strong>personae,</strong></span> <span class='ocrx_word' id='word_1_163' title='bbox 1148 2528 1244 2594; x_wconf 87' lang='lat' dir='ltr'><strong>quam</strong></span> <span class='ocrx_word' id='word_1_164' title='bbox 1271 2508 1369 2589; x_wconf 87' lang='lat' dir='ltr'><strong>aiunt,</strong></span> 
     </span>
     <span class='ocr_line' id='line_1_22' title="bbox 322 2605 1367 2694; baseline -0.001 -25"><span class='ocrx_word' id='word_1_165' title='bbox 322 2608 437 2669; x_wconf 82' lang='lat' dir='ltr'><strong>tertiae</strong></span> <span class='ocrx_word' id='word_1_166' title='bbox 459 2610 654 2671; x_wconf 89' lang='lat' dir='ltr'><strong>mentionem</strong></span> <span class='ocrx_word' id='word_1_167' title='bbox 674 2609 745 2672; x_wconf 91' lang='lat' dir='ltr'><strong>fieri</strong></span> <span class='ocrx_word' id='word_1_168' title='bbox 768 2609 969 2694; x_wconf 89' lang='lat' dir='ltr'><strong>eandemque</strong></span> <span class='ocrx_word' id='word_1_169' title='bbox 990 2630 1068 2672; x_wconf 89' lang='lat' dir='ltr'><strong>easu</strong></span> <span class='ocrx_word' id='word_1_170' title='bbox 1088 2608 1239 2671; x_wconf 87' lang='lat' dir='ltr'><strong>voeativo</strong></span> <span class='ocrx_word' id='word_1_171' title='bbox 1260 2605 1367 2691; x_wconf 89' lang='lat' dir='ltr'><strong>appel-</strong></span> 
     </span>
     <span class='ocr_line' id='line_1_23' title="bbox 324 2704 1368 2791; baseline 0.002 -25"><span class='ocrx_word' id='word_1_172' title='bbox 324 2704 407 2766; x_wconf 82' lang='lat' dir='ltr'><strong>lari?</strong></span> <span class='ocrx_word' id='word_1_173' title='bbox 433 2706 581 2791; x_wconf 89' lang='lat' dir='ltr'><strong>Denique</strong></span> <span class='ocrx_word' id='word_1_174' title='bbox 602 2729 654 2769; x_wconf 93' lang='lat' dir='ltr'><strong>me</strong></span> <span class='ocrx_word' id='word_1_175' title='bbox 676 2708 758 2771; x_wconf 92' lang='lat' dir='ltr'><strong>ratio</strong></span> <span class='ocrx_word' id='word_1_176' title='bbox 780 2717 890 2771; x_wconf 87' lang='lat' dir='ltr'><strong>movet</strong></span> <span class='ocrx_word' id='word_1_177' title='bbox 903 2707 1097 2790; x_wconf 86' lang='lat' dir='ltr'><strong>Latinitatis,</strong></span> <span class='ocrx_word' id='word_1_178' title='bbox 1120 2707 1209 2770; x_wconf 88' lang='lat' dir='ltr'><strong>cuius</strong></span> <span class='ocrx_word' id='word_1_179' title='bbox 1231 2706 1368 2790; x_wconf 89' lang='lat' dir='ltr'><strong>optimos</strong></span> 
     </span>
     <span class='ocr_line' id='line_1_24' title="bbox 324 2804 1370 2891; baseline 0.001 -25"><span class='ocrx_word' id='word_1_180' title='bbox 324 2813 473 2867; x_wconf 78' lang='lat' dir='ltr'><strong>auctores</strong></span> <span class='ocrx_word' id='word_1_181' title='bbox 501 2807 556 2869; x_wconf 88' lang='lat' dir='ltr'><strong>vix</strong></span> <span class='ocrx_word' id='word_1_182' title='bbox 584 2828 736 2891; x_wconf 92' lang='lat' dir='ltr'><strong>umquam</strong></span> <span class='ocrx_word' id='word_1_183' title='bbox 762 2806 905 2870; x_wconf 80' lang='lat' dir='ltr'><strong>dicturos</strong></span> <span class='ocrx_word' id='word_1_184' title='bbox 931 2805 1029 2869; x_wconf 83' lang='lat' dir='ltr'><strong>fuisse</strong></span> <span class='ocrx_word' id='word_1_185' title='bbox 1057 2804 1156 2869; x_wconf 88' lang='lat' dir='ltr'><strong>eredo</strong></span> <span class='ocrx_word' id='word_1_186' title='bbox 1180 2815 1370 2890; x_wconf 88' lang='lat' dir='ltr'><strong>tympanum</strong></span> 
     </span>
     <span class='ocr_line' id='line_1_25' title="bbox 326 2902 1369 2990; baseline -0.001 -25"><span class='ocrx_word' id='word_1_187' title='bbox 326 2924 396 2965; x_wconf 86' lang='lat' dir='ltr'><strong>esse</strong></span> <span class='ocrx_word' id='word_1_188' title='bbox 417 2902 528 2967; x_wconf 89' lang='lat' dir='ltr'><strong>tubam</strong></span> <span class='ocrx_word' id='word_1_189' title='bbox 550 2903 690 2990; x_wconf 81' lang='lat' dir='ltr'><strong>Cybeles</strong></span> <span class='ocrx_word' id='word_1_190' title='bbox 711 2915 770 2990; x_wconf 92' lang='lat' dir='ltr'><strong>pro</strong></span> <span class='ocrx_word' id='word_1_191' title='bbox 791 2904 868 2968; x_wconf 87' lang='lat' dir='ltr'><strong>hoe:</strong></span> <span class='ocrx_word' id='word_1_192' title='bbox 892 2914 1081 2989; x_wconf 84' lang='lat' dir='ltr'><strong>tympanum</strong></span> <span class='ocrx_word' id='word_1_193' title='bbox 1102 2903 1174 2968; x_wconf 91' lang='lat' dir='ltr'><strong>loeo</strong></span> <span class='ocrx_word' id='word_1_194' title='bbox 1195 2902 1293 2968; x_wconf 84' lang='lat' dir='ltr'><strong>tubae</strong></span> <span class='ocrx_word' id='word_1_195' title='bbox 1314 2902 1369 2965; x_wconf 88' lang='lat' dir='ltr'><strong>ad-</strong></span> 
     </span>
     <span class='ocr_line' id='line_1_26' title="bbox 324 3001 1370 3090; baseline 0.001 -26"><span class='ocrx_word' id='word_1_196' title='bbox 324 3001 462 3065; x_wconf 91' lang='lat' dir='ltr'><strong>hibitum</strong></span> <span class='ocrx_word' id='word_1_197' title='bbox 483 3002 581 3067; x_wconf 84' lang='lat' dir='ltr'><strong>fuisse</strong></span> <span class='ocrx_word' id='word_1_198' title='bbox 604 3003 656 3067; x_wconf 88' lang='lat' dir='ltr'><strong>vel</strong></span> <span class='ocrx_word' id='word_1_199' title='bbox 677 3004 772 3069; x_wconf 84' lang='lat' dir='ltr'><strong>simili</strong></span> <span class='ocrx_word' id='word_1_200' title='bbox 793 3027 866 3090; x_wconf 91' lang='lat' dir='ltr'><strong>quo.</strong></span> <span class='ocrx_word' id='word_1_201' title='bbox 899 3002 1011 3066; x_wconf 90' lang='lat' dir='ltr'><strong>Restat</strong></span> <span class='ocrx_word' id='word_1_202' title='bbox 1032 3005 1162 3066; x_wconf 88' lang='lat' dir='ltr'><strong>tertium</strong></span> <span class='ocrx_word' id='word_1_203' title='bbox 1183 3024 1295 3067; x_wconf 89' lang='lat' dir='ltr'><strong>versus</strong></span> <span class='ocrx_word' id='word_1_204' title='bbox 1316 3023 1370 3066; x_wconf 91' lang='lat' dir='ltr'><strong>vo-</strong></span> 
     </span>
     <span class='ocr_line' id='line_1_27' title="bbox 324 3100 1372 3190; baseline -0.001 -26"><span class='ocrx_word' id='word_1_205' title='bbox 324 3101 488 3186; x_wconf 83' lang='lat' dir='ltr'><strong>cabulum,</strong></span> <span class='ocrx_word' id='word_1_206' title='bbox 516 3103 603 3188; x_wconf 92' lang='lat' dir='ltr'><strong>quod</strong></span> <span class='ocrx_word' id='word_1_207' title='bbox 630 3126 694 3190; x_wconf 93' lang='lat' dir='ltr'><strong>qua</strong></span> <span class='ocrx_word' id='word_1_208' title='bbox 719 3106 845 3167; x_wconf 89' lang='lat' dir='ltr'><strong>ratione</strong></span> <span class='ocrx_word' id='word_1_209' title='bbox 873 3100 1080 3168; x_wconf 79' lang='lat' dir='ltr'><strong>scribendum</strong></span> <span class='ocrx_word' id='word_1_210' title='bbox 1107 3111 1206 3184; x_wconf 90' lang='lat' dir='ltr'><strong>esset,</strong></span> <span class='ocrx_word' id='word_1_211' title='bbox 1231 3102 1372 3187; x_wconf 87' lang='lat' dir='ltr'><strong>primum</strong></span> 
     </span>
     <span class='ocr_line' id='line_1_28' title="bbox 326 3199 1370 3289; baseline 0 -26"><span class='ocrx_word' id='word_1_212' title='bbox 326 3200 436 3265; x_wconf 89' lang='lat' dir='ltr'><strong>doeuit</strong></span> <span class='ocrx_word' id='word_1_213' title='bbox 463 3204 574 3288; x_wconf 85' lang='lat' dir='ltr'><strong>magni</strong></span> <span class='ocrx_word' id='word_1_214' title='bbox 595 3203 735 3266; x_wconf 91' lang='lat' dir='ltr'><strong>Bentleii</strong></span> <span class='ocrx_word' id='word_1_215' title='bbox 760 3203 936 3289; x_wconf 86' lang='lat' dir='ltr'><strong>ingenium.</strong></span> <span class='ocrx_word' id='word_1_216' title='bbox 978 3201 1012 3265; x_wconf 88' lang='lat' dir='ltr'><strong>Is</strong></span> <span class='ocrx_word' id='word_1_217' title='bbox 1034 3202 1120 3265; x_wconf 90' lang='lat' dir='ltr'><strong>enim</strong></span> <span class='ocrx_word' id='word_1_218' title='bbox 1140 3209 1223 3264; x_wconf 88' lang='lat' dir='ltr'><strong>teste</strong></span> <span class='ocrx_word' id='word_1_219' title='bbox 1245 3199 1370 3284; x_wconf 83' lang='lat' dir='ltr'><strong>Silligio</strong></span> 
     </span>
     <span class='ocr_line' id='line_1_29' title="bbox 324 3298 1371 3387; baseline -0.002 -25"><span class='ocrx_word' id='word_1_220' title='bbox 324 3299 367 3362; x_wconf 89' lang='lat' dir='ltr'><strong>ad</strong></span> <span class='ocrx_word' id='word_1_221' title='bbox 382 3301 506 3364; x_wconf 82' lang='lat' dir='ltr'><strong>Lucan.</strong></span> <span class='ocrx_word' id='word_1_222' title='bbox 524 3303 551 3385; x_wconf 92' lang='lat'><strong>1,</strong></span> <span class='ocrx_word' id='word_1_223' title='bbox 567 3302 637 3365; x_wconf 84' lang='lat'><strong>600.</strong></span> <span class='ocrx_word' id='word_1_224' title='bbox 660 3301 836 3385; x_wconf 88' lang='lat' dir='ltr'><strong>adnotavit,</strong></span> <span class='ocrx_word' id='word_1_225' title='bbox 859 3300 987 3387; x_wconf 88' lang='lat' dir='ltr'><strong>ubique,</strong></span> <span class='ocrx_word' id='word_1_226' title='bbox 1010 3301 1156 3386; x_wconf 90' lang='lat' dir='ltr'><strong>quotiens</strong></span> <span class='ocrx_word' id='word_1_227' title='bbox 1177 3298 1286 3362; x_wconf 88' lang='lat' dir='ltr'><strong>media</strong></span> <span class='ocrx_word' id='word_1_228' title='bbox 1309 3298 1371 3383; x_wconf 88' lang='lat' dir='ltr'><strong>syl-</strong></span> 
     </span>
     <span class='ocr_line' id='line_1_30' title="bbox 323 3395 1372 3486; baseline 0 -27"><span class='ocrx_word' id='word_1_229' title='bbox 323 3395 400 3460; x_wconf 86' lang='lat' dir='ltr'><strong>laba</strong></span> <span class='ocrx_word' id='word_1_230' title='bbox 420 3398 631 3482; x_wconf 83' lang='lat' dir='ltr'><strong>producatur,</strong></span> <span class='ocrx_word' id='word_1_231' title='bbox 658 3400 866 3464; x_wconf 90' lang='lat' dir='ltr'><strong>scribendum</strong></span> <span class='ocrx_word' id='word_1_232' title='bbox 887 3422 957 3464; x_wconf 88' lang='lat' dir='ltr'><strong>esse</strong></span> <span class='ocrx_word' id='word_1_233' title='bbox 980 3398 1103 3486; x_wconf 77' lang='lat' dir='ltr'><strong>Cybebe,</strong></span> <span class='ocrx_word' id='word_1_234' title='bbox 1131 3421 1229 3484; x_wconf 93' lang='lat' dir='ltr'><strong>quum</strong></span> <span class='ocrx_word' id='word_1_235' title='bbox 1251 3396 1372 3460; x_wconf 82' lang='lat' dir='ltr'><strong>Graeci</strong></span> 
     </span>
     <span class='ocr_line' id='line_1_31' title="bbox 326 3495 1375 3584; baseline 0.002 -26"><span class='ocrx_word' id='word_1_236' title='bbox 326 3495 642 3582; x_wconf 61' lang='lat' dir='ltr'><strong>seribanthlqsssq,</strong></span> <span class='ocrx_word' id='word_1_237' title='bbox 675 3520 850 3584; x_wconf 91' lang='lat' dir='ltr'><strong>numquam</strong></span> <span class='ocrx_word' id='word_1_238' title='bbox 876 3501 1024 3583; x_wconf 76' lang='grc' dir='ltr'><strong><em>Κυβέλλη</em></strong></span> <span class='ocrx_word' id='word_1_239' title='bbox 1050 3498 1104 3563; x_wconf 85' lang='lat' dir='ltr'><strong>vel</strong></span> <span class='ocrx_word' id='word_1_240' title='bbox 1131 3498 1278 3581; x_wconf 77' lang='grc' dir='ltr'><strong>Κυβήλη,</strong></span> <span class='ocrx_word' id='word_1_241' title='bbox 1313 3495 1375 3560; x_wconf 91' lang='lat' dir='ltr'><strong>sed</strong></span> 
     </span>
     <span class='ocr_line' id='line_1_32' title="bbox 328 3594 1371 3681; baseline -0.004 -21"><span class='ocrx_word' id='word_1_242' title='bbox 328 3598 469 3681; x_wconf 78' lang='grc' dir='ltr'><strong><em>Κυβέλη,</em></strong></span> <span class='ocrx_word' id='word_1_243' title='bbox 499 3597 539 3661; x_wconf 86' lang='lat' dir='ltr'><strong>es.</strong></span> <span class='ocrx_word' id='word_1_244' title='bbox 567 3622 597 3661; x_wconf 88' lang='lat' dir='ltr'><strong>v.</strong></span> <span class='ocrx_word' id='word_1_245' title='bbox 628 3598 675 3660; x_wconf 85' lang='grc'><strong>12.</strong></span> <span class='ocrx_word' id='word_1_246' title='bbox 704 3597 754 3661; x_wconf 88' lang='grc'><strong>68.</strong></span> <span class='ocrx_word' id='word_1_247' title='bbox 784 3597 832 3660; x_wconf 78' lang='lat'><strong>76.</strong></span> <span class='ocrx_word' id='word_1_248' title='bbox 861 3598 911 3660; x_wconf 89' lang='grc'><strong>20.</strong></span> <span class='ocrx_word' id='word_1_249' title='bbox 934 3597 984 3660; x_wconf 83' lang='grc'><strong>35.</strong></span> <span class='ocrx_word' id='word_1_250' title='bbox 1007 3597 1057 3660; x_wconf 87' lang='grc'><strong>84.</strong></span> <span class='ocrx_word' id='word_1_251' title='bbox 1080 3596 1130 3660; x_wconf 85' lang='grc'><strong>01.</strong></span> <span class='ocrx_word' id='word_1_252' title='bbox 1174 3594 1270 3675; x_wconf 76' lang='lat' dir='ltr'><strong>Quod</strong></span> <span class='ocrx_word' id='word_1_253' title='bbox 1291 3616 1371 3657; x_wconf 88' lang='lat' dir='ltr'><strong>vero</strong></span> 
     </span>
     <span class='ocr_line' id='line_1_33' title="bbox 326 3691 1371 3783; baseline -0.006 -24"><span class='ocrx_word' id='word_1_254' title='bbox 326 3695 517 3782; x_wconf 83' lang='lat' dir='ltr'><strong>Spengelius</strong></span> <span class='ocrx_word' id='word_1_255' title='bbox 539 3720 569 3783; x_wconf 90' lang='lat' dir='ltr'><strong>p.</strong></span> <span class='ocrx_word' id='word_1_256' title='bbox 594 3698 663 3760; x_wconf 88' lang='grc'><strong>123.</strong></span> <span class='ocrx_word' id='word_1_257' title='bbox 692 3718 726 3760; x_wconf 91' lang='lat' dir='ltr'><strong>se</strong></span> <span class='ocrx_word' id='word_1_258' title='bbox 749 3719 821 3759; x_wconf 87' lang='lat' dir='ltr'><strong>eum</strong></span> <span class='ocrx_word' id='word_1_259' title='bbox 841 3695 988 3759; x_wconf 88' lang='lat' dir='ltr'><strong>Bentleio</strong></span> <span class='ocrx_word' id='word_1_260' title='bbox 1010 3695 1098 3781; x_wconf 89' lang='lat' dir='ltr'><strong>apud</strong></span> <span class='ocrx_word' id='word_1_261' title='bbox 1118 3693 1218 3758; x_wconf 90' lang='lat' dir='ltr'><strong>Kidd.</strong></span> <span class='ocrx_word' id='word_1_262' title='bbox 1241 3692 1284 3756; x_wconf 91' lang='lat' dir='ltr'><strong>ad</strong></span> <span class='ocrx_word' id='word_1_263' title='bbox 1304 3691 1371 3753; x_wconf 90' lang='lat' dir='ltr'><strong>Da-</strong></span> 
     </span>
     <span class='ocr_line' id='line_1_34' title="bbox 324 3789 1370 3882; baseline -0.006 -24"><span class='ocrx_word' id='word_1_264' title='bbox 324 3817 399 3859; x_wconf 86' lang='lat' dir='ltr'><strong>wes.</strong></span> <span class='ocrx_word' id='word_1_265' title='bbox 416 3819 448 3880; x_wconf 92' lang='lat' dir='ltr'><strong>p.</strong></span> <span class='ocrx_word' id='word_1_266' title='bbox 464 3796 514 3859; x_wconf 85' lang='lat'><strong>30.</strong></span> <span class='ocrx_word' id='word_1_267' title='bbox 530 3806 640 3860; x_wconf 91' lang='lat' dir='ltr'><strong>nostro</strong></span> <span class='ocrx_word' id='word_1_268' title='bbox 656 3797 728 3861; x_wconf 90' lang='lat' dir='ltr'><strong>loeo</strong></span> <span class='ocrx_word' id='word_1_269' title='bbox 746 3795 877 3882; x_wconf 69' lang='lat' dir='ltr'><strong>Oybebes</strong></span> <span class='ocrx_word' id='word_1_270' title='bbox 893 3796 1059 3881; x_wconf 84' lang='lat' dir='ltr'><strong>scripsisse</strong></span> <span class='ocrx_word' id='word_1_271' title='bbox 1077 3793 1164 3876; x_wconf 88' lang='lat' dir='ltr'><strong>dieit,</strong></span> <span class='ocrx_word' id='word_1_272' title='bbox 1184 3814 1251 3856; x_wconf 90' lang='lat' dir='ltr'><strong>non</strong></span> <span class='ocrx_word' id='word_1_273' title='bbox 1266 3789 1370 3875; x_wconf 91' lang='lat' dir='ltr'><strong>probo</strong></span> 
     </span>
     <span class='ocr_line' id='line_1_35' title="bbox 325 3889 1372 3982; baseline -0.002 -26"><span class='ocrx_word' id='word_1_274' title='bbox 325 3895 364 3957; x_wconf 91' lang='lat' dir='ltr'><strong>iis</strong></span> <span class='ocrx_word' id='word_1_275' title='bbox 392 3894 432 3957; x_wconf 90' lang='lat' dir='ltr'><strong>de</strong></span> <span class='ocrx_word' id='word_1_276' title='bbox 461 3897 597 3978; x_wconf 82' lang='lat' dir='ltr'><strong>caussis,</strong></span> <span class='ocrx_word' id='word_1_277' title='bbox 630 3918 709 3982; x_wconf 90' lang='lat' dir='ltr'><strong>quas</strong></span> <span class='ocrx_word' id='word_1_278' title='bbox 736 3896 800 3959; x_wconf 91' lang='lat' dir='ltr'><strong>iam</strong></span> <span class='ocrx_word' id='word_1_279' title='bbox 827 3895 972 3980; x_wconf 86' lang='lat' dir='ltr'><strong>exposui.</strong></span> <span class='ocrx_word' id='word_1_280' title='bbox 1030 3893 1114 3955; x_wconf 89' lang='lat' dir='ltr'><strong>Nam</strong></span> <span class='ocrx_word' id='word_1_281' title='bbox 1141 3889 1227 3978; x_wconf 92' lang='lat' dir='ltr'><strong>quod</strong></span> <span class='ocrx_word' id='word_1_282' title='bbox 1251 3891 1372 3955; x_wconf 91' lang='lat' dir='ltr'><strong>voeati-</strong></span> 
     </span>
     <span class='ocr_line' id='line_1_36' title="bbox 324 3991 1371 4081; baseline -0.004 -26"><span class='ocrx_word' id='word_1_283' title='bbox 324 4015 400 4055; x_wconf 88' lang='lat' dir='ltr'><strong>vum</strong></span> <span class='ocrx_word' id='word_1_284' title='bbox 421 4004 553 4081; x_wconf 91' lang='lat' dir='ltr'><strong>propter</strong></span> <span class='ocrx_word' id='word_1_285' title='bbox 575 3994 691 4059; x_wconf 88' lang='lat' dir='ltr'><strong>verba:</strong></span> <span class='ocrx_word' id='word_1_286' title='bbox 715 4008 770 4058; x_wconf 85' lang='lat' dir='ltr'><strong>tua</strong></span> <span class='ocrx_word' id='word_1_287' title='bbox 790 4008 887 4057; x_wconf 83' lang='lat' dir='ltr'><strong>mater</strong></span> <span class='ocrx_word' id='word_1_288' title='bbox 907 3993 999 4056; x_wconf 76' lang='lat' dir='ltr'><strong>altitio</strong></span> <span class='ocrx_word' id='word_1_289' title='bbox 1021 3991 1144 4055; x_wconf 90' lang='lat' dir='ltr'><strong>servari</strong></span> <span class='ocrx_word' id='word_1_290' title='bbox 1165 3991 1298 4054; x_wconf 90' lang='lat' dir='ltr'><strong>minime</strong></span> <span class='ocrx_word' id='word_1_291' title='bbox 1318 4011 1371 4051; x_wconf 91' lang='lat' dir='ltr'><strong>ne-</strong></span> 
     </span>
    </p>
   </div>
   <div class='ocr_carea' id='block_1_4' title="bbox 325 4087 1372 4179">
    <p class='ocr_par' dir='ltr' id='par_1_4' title="bbox 325 4087 1372 4179">
     <span class='ocr_line' id='line_1_37' title="bbox 325 4087 1372 4179; baseline -0.002 -26"><span class='ocrx_word' id='word_1_292' title='bbox 325 4093 498 4155; x_wconf 85' lang='lat' dir='ltr'><strong>cessarium</strong></span> <span class='ocrx_word' id='word_1_293' title='bbox 519 4103 619 4179; x_wconf 90' lang='lat' dir='ltr'><strong>putat,</strong></span> <span class='ocrx_word' id='word_1_294' title='bbox 642 4095 718 4178; x_wconf 89' lang='lat' dir='ltr'><strong>quia</strong></span> <span class='ocrx_word' id='word_1_295' title='bbox 740 4092 826 4177; x_wconf 89' lang='lat' dir='ltr'><strong>apud</strong></span> <span class='ocrx_word' id='word_1_296' title='bbox 848 4091 963 4156; x_wconf 82' lang='lat' dir='ltr'><strong>Catull.</strong></span> <span class='ocrx_word' id='word_1_297' title='bbox 985 4089 1092 4174; x_wconf 80' lang='lat' dir='ltr'><strong>LXII,</strong></span> <span class='ocrx_word' id='word_1_298' title='bbox 1109 4090 1158 4153; x_wconf 84' lang='lat'><strong>33.</strong></span> <span class='ocrx_word' id='word_1_299' title='bbox 1182 4103 1233 4153; x_wconf 82' lang='lat' dir='ltr'><strong>tao</strong></span> <span class='ocrx_word' id='word_1_300' title='bbox 1249 4087 1372 4153; x_wconf 84' lang='lat' dir='ltr'><strong>eadem</strong></span> 
     </span>
    </p>
   </div>
   <div class='ocr_carea' id='block_1_5' title="bbox 0 0 1704 4959">
    <p class='ocr_par' dir='ltr' id='par_1_5' title="bbox 0 0 1704 4959">
     <span class='ocr_line' id='line_1_38' title="bbox 0 0 1704 4959; baseline 0 0"><span class='ocrx_word' id='word_1_301' title='bbox 0 0 1704 4959; x_wconf 95' lang='lat' dir='ltr'><strong> </strong></span> 
     </span>
    </p>
   </div>
  </div>
 </body>
</html>
