3392 4959
359 1463 634 1574 llllllllllllll
657 1459 1070 1642 bllllllllllllllll
1092 1462 1344 1578 lllllllllll.

326 1743 439 1842 auam
471 1782 654 1861 temporum
685 1775 888 1862 iniquitatem
919 1774 955 1838 in
982 1774 1145 1861 plerisque
1173 1776 1374 1862 antiquitatis

325 1871 538 1960 scriptoribus
566 1872 725 1958 dolemus,
753 1882 788 1937 ut
814 1871 891 1937 libri
917 1895 961 1937 ex
980 1874 1125 1960 ipsorum
1144 1872 1295 1939 manibus
1316 1876 1375 1939 vix

324 1974 434 2037 emissi
466 1972 740 2059 depravarentur,
774 1971 913 2037 eandem
943 1994 1075 2060 passum
1107 1994 1177 2037 esse
1211 1972 1374 2038 Catillum

324 2072 416 2135 testis
443 2080 494 2137 est
515 2070 639 2137 Gellius
660 2073 755 2138 Noct.
777 2072 877 2137 Attio.
899 2072 980 2156 VII,
1002 2072 1058 2155 20,
1086 2072 1163 2157 (VI,
1185 2072 1240 2157 20,
1262 2072 1299 2158 b,
1321 2073 1373 2141 ed.

324 2168 454 2257 Hertz.)
469 2170 555 2236 unde
570 2171 654 2236 illius
672 2172 816 2236 carmina
831 2172 898 2236 iam
913 2180 981 2236 tum
996 2172 1088 2236 varie
1105 2181 1259 2256 corrupta
1275 2172 1374 2237 fuisse

324 2270 561 2354 cognoscimus.
573 2270 598 2354 ¹)
630 2251 701 2333 ileo
720 2269 833 2334 melius
849 2270 897 2333 illi
913 2268 1094 2334 consultum
1110 2280 1158 2333 est
1174 2269 1374 2356 temporibus

324 2367 567 2454 posterioribus.
615 2368 701 2433 Nam
731 2379 862 2456 praeter
892 2367 1054 2433 Isidorum
1081 2368 1310 2455 Hispalensem
1341 2380 1374 2435 et

323 2466 513 2532 Ratberium
540 2470 741 2554 episcopum,
773 2469 830 2555 qui
856 2466 977 2533 Catulli
1002 2468 1146 2531 carmina
1172 2467 1301 2533 saecido
1327 2469 1372 2535 X.

325 2565 477 2631 Veronae
496 2566 589 2653 legit,
610 2590 670 2654 per
690 2567 824 2653 longum
844 2575 971 2655 tempus
991 2589 1033 2631 ne
1055 2578 1129 2632 sunt
1151 2567 1295 2654 quidem,
1318 2570 1374 2656 qui

325 2686 439 2730 eorum
470 2667 667 2730 mentionem
699 2667 835 2749 faciant,
866 2665 943 2731 dum
973 2665 1106 2731 tandem
1133 2668 1225 2733 initio
1252 2667 1373 2733 saeculi
1424 2657 1426 2662 '

325 2763 419 2830 XIV.
440 2765 592 2829 Veronae
614 2764 720 2830 codex
741 2775 888 2853 repertus
911 2775 968 2830 est.
980 2765 1007 2851 ²)

407 2862 441 2927 Is
464 2863 569 2950 qualis
589 2865 694 2949 fuerit,
717 2888 736 2929 e
757 2875 874 2929 natura
894 2864 1091 2951 reliquorum
1113 2865 1274 2949 codicum,
1297 2888 1372 2953 quo-

323 2984 396 3026 rum
423 2963 566 3027 omnium
591 2963 645 3028 illo
669 2966 762 3051 quasi
782 2986 902 3051 parens
923 2964 996 3048 fuit,
1025 2986 1221 3051 quamquam
1241 2965 1372 3029 minime

323 3060 462 3148 putandi
483 3069 557 3129 sunt
578 3084 620 3126 ex
641 3065 712 3149 ipso
735 3085 846 3128 omnes
868 3061 1023 3148 descripti
1050 3083 1134 3145 esse,
1165 3061 1312 3126 divinare
1338 3062 1373 3127 li-

324 3167 387 3225 cet.
419 3161 504 3224 Nam
521 3163 672 3245 omnium,
695 3164 752 3247 qui
768 3182 903 3225 numero
921 3162 1050 3225 circiter
1066 3162 1274 3248 septuaginta
1289 3172 1372 3246 sunt,

323 3257 430 3324 nullus
452 3269 514 3344 est,
537 3262 614 3346 quin
635 3260 829 3325 foedissimis
850 3259 977 3325 mendis
998 3262 1033 3324 in
1052 3262 1168 3347 quavis
1188 3263 1311 3348 pagina
1331 3263 1373 3327 sit

324 3368 506 3445 corruptus.
539 3360 689 3446 Excepto
712 3370 821 3425 autem
842 3359 1010 3444 Thuaneo‚
1032 3383 1096 3446 quo
1118 3360 1220 3425 solum
1242 3382 1373 3426 carmen

322 3456 433 3522 LXII.
456 3460 639 3524 continetur
661 3482 821 3547 quemque
840 3461 996 3546 scriptum
1011 3482 1082 3525 esse
1097 3457 1270 3547 perhibent
1286 3482 1372 3526 saec.

323 3555 385 3640 X.,
404 3557 510 3623 nullus
530 3558 613 3623 liber
630 3558 831 3624 Catullianus
853 3568 961 3623 exstat
975 3561 1134 3625 vetustior
1150 3558 1373 3642 Germanensi,

410 3741 436 3805 1)
463 3741 503 3793 cf.
525 3741 628 3793 Gellius
650 3742 668 3793 l.
689 3742 720 3793 L:
748 3744 818 3805 „Qui
839 3742 921 3793 ebrios
938 3741 1072 3791 Catullum
1093 3740 1192 3791 dixisse
1212 3745 1308 3807 putant
1328 3748 1375 3793 ant

323 3823 443 3887 ebriosos,
455 3824 527 3888 (nam
537 3825 566 3875 id
578 3841 683 3891 quoque
695 3830 794 3875 temere
806 3826 933 3890 scriptum
943 3826 1077 3874 invenitur
1088 3821 1156 3890 [scil
1162 3823 1372 3888 Catullxxvll,

322 3904 381 3972 4.],)
406 3909 436 3957 ln
456 3907 540 3958 libros
562 3908 667 3959 scilicet
683 3907 716 3958 de
734 3909 865 3973 corruptis
883 3906 1078 3973 exemplaribus
1094 3906 1179 3958 factos
1195 3906 1370 3959 inciderunt“

409 3990 436 4055 2)
464 3990 503 4041 cf.
516 3992 628 4057 Hauptii
641 3993 749 4053 Quaest
763 3989 859 4041 Catull.
873 4007 899 4057 p.
912 3992 936 4039 2.
949 4005 1020 4057 sqq.;
1032 3990 1129 4055 Heysii
1142 3990 1184 4040 ed.
1196 3991 1369 4057 p.2'18.sqq.;

321 4072 485 4124 Rossbachii
503 4073 543 4124 ed
560 4091 586 4140 p.
604 4075 650 4125 IV.
668 4090 737 4140 sqq.;
758 4073 860 4124 Handii
877 4075 984 4135 Quaest
1003 4073 1099 4124 Catull.
1118 4074 1191 4123 1849.
1208 4090 1234 4139 p.
1253 4075 1276 4123 1.

1157 4157 1171 4205 l
