<?xml version="1.0" encoding="UTF-8"?>
<!DOCTYPE html PUBLIC "-//W3C//DTD XHTML 1.0 Transitional//EN"
    "http://www.w3.org/TR/xhtml1/DTD/xhtml1-transitional.dtd">
<html xmlns="http://www.w3.org/1999/xhtml" xml:lang="en" lang="en">
 <head>
  <title>
</title>
<meta http-equiv="Content-Type" content="text/html;charset=utf-8" />
  <meta name='ocr-system' content='tesseract 3.04.00' />
  <meta name='ocr-capabilities' content='ocr_page ocr_carea ocr_par ocr_line ocrx_word'/>
</head>
<body>
  <div class='ocr_page' id='page_1' title='image "./lectionumcatull00pohlgoog_0055.png"; bbox 0 0 3392 4959; ppageno 0'>
   <div class='ocr_carea' id='block_1_1' title="bbox 826 497 963 585">
    <p class='ocr_par' dir='ltr' id='par_1_1' title="bbox 826 497 963 585">
     <span class='ocr_line' id='line_1_1' title="bbox 826 497 963 585; baseline 0 0"><span class='ocrx_word' id='word_1_1' title='bbox 826 497 963 585; x_wconf 79' lang='lat'>45&#39;</span> 
     </span>
    </p>
   </div>
   <div class='ocr_carea' id='block_1_2' title="bbox 323 730 1426 2403">
    <p class='ocr_par' dir='ltr' id='par_1_2' title="bbox 323 730 1426 2403">
     <span class='ocr_line' id='line_1_2' title="bbox 323 730 1372 817; baseline 0 -22"><span class='ocrx_word' id='word_1_2' title='bbox 323 732 425 817; x_wconf 85' lang='lat' dir='ltr'>possit</span> <span class='ocrx_word' id='word_1_3' title='bbox 452 731 496 796; x_wconf 92' lang='lat' dir='ltr'>ad</span> <span class='ocrx_word' id='word_1_4' title='bbox 522 732 592 797; x_wconf 92' lang='lat' dir='ltr'>illos</span> <span class='ocrx_word' id='word_1_5' title='bbox 619 731 816 797; x_wconf 85' lang='lat' dir='ltr'>refutandos.</span> <span class='ocrx_word' id='word_1_6' title='bbox 860 731 946 796; x_wconf 90' lang='lat' dir='ltr'>Nam</span> <span class='ocrx_word' id='word_1_7' title='bbox 971 732 1076 795; x_wconf 90' lang='lat' dir='ltr'>forma</span> <span class='ocrx_word' id='word_1_8' title='bbox 1103 730 1302 795; x_wconf 86' lang='lat' dir='ltr'>deminutiva</span> <span class='ocrx_word' id='word_1_9' title='bbox 1322 732 1372 796; x_wconf 80' lang='lat' dir='ltr'>vis</span> 
     </span>
     <span class='ocr_line' id='line_1_3' title="bbox 323 831 1374 914; baseline 0.001 -21"><span class='ocrx_word' id='word_1_10' title='bbox 323 831 520 895; x_wconf 87' lang='lat' dir='ltr'>imminuitur</span> <span class='ocrx_word' id='word_1_11' title='bbox 541 832 608 895; x_wconf 90' lang='lat' dir='ltr'>eius</span> <span class='ocrx_word' id='word_1_12' title='bbox 630 831 794 914; x_wconf 83' lang='lat' dir='ltr'>vocabuli,</span> <span class='ocrx_word' id='word_1_13' title='bbox 825 833 877 895; x_wconf 92' lang='lat' dir='ltr'>cui</span> <span class='ocrx_word' id='word_1_14' title='bbox 898 832 953 895; x_wconf 87' lang='lat' dir='ltr'>illa</span> <span class='ocrx_word' id='word_1_15' title='bbox 974 831 1075 895; x_wconf 87' lang='lat' dir='ltr'>affixa</span> <span class='ocrx_word' id='word_1_16' title='bbox 1098 841 1160 914; x_wconf 91' lang='lat' dir='ltr'>est,</span> <span class='ocrx_word' id='word_1_17' title='bbox 1188 853 1254 894; x_wconf 95' lang='lat' dir='ltr'>non</span> <span class='ocrx_word' id='word_1_18' title='bbox 1279 853 1374 894; x_wconf 89' lang='lat' dir='ltr'>voca-</span> 
     </span>
     <span class='ocr_line' id='line_1_4' title="bbox 324 929 1374 1016; baseline 0.002 -23"><span class='ocrx_word' id='word_1_19' title='bbox 324 929 394 993; x_wconf 92' lang='lat' dir='ltr'>buli</span> <span class='ocrx_word' id='word_1_20' title='bbox 421 932 596 1014; x_wconf 71' lang='lat' dir='ltr'>coniuncti,</span> <span class='ocrx_word' id='word_1_21' title='bbox 624 932 722 1015; x_wconf 88' lang='lat' dir='ltr'>igitur</span> <span class='ocrx_word' id='word_1_22' title='bbox 748 931 925 1016; x_wconf 86' lang='lat' dir='ltr'>turpiculus</span> <span class='ocrx_word' id='word_1_23' title='bbox 946 953 1044 995; x_wconf 91' lang='lat' dir='ltr'>nasus</span> <span class='ocrx_word' id='word_1_24' title='bbox 1067 930 1101 993; x_wconf 92' lang='lat' dir='ltr'>id</span> <span class='ocrx_word' id='word_1_25' title='bbox 1124 929 1280 1016; x_wconf 91' lang='lat' dir='ltr'>estquod</span> <span class='ocrx_word' id='word_1_26' title='bbox 1302 930 1374 995; x_wconf 90' lang='lat' dir='ltr'>sub-</span> 
     </span>
     <span class='ocr_line' id='line_1_5' title="bbox 324 1029 1373 1121; baseline 0 -28"><span class='ocrx_word' id='word_1_27' title='bbox 324 1031 425 1114; x_wconf 90' lang='lat' dir='ltr'>turpis</span> <span class='ocrx_word' id='word_1_28' title='bbox 447 1052 559 1113; x_wconf 89' lang='lat' dir='ltr'>nasus,</span> <span class='ocrx_word' id='word_1_29' title='bbox 579 1052 646 1106; x_wconf 19' lang='lat' dir='ltr'>,non</span> <span class='ocrx_word' id='word_1_30' title='bbox 668 1032 782 1115; x_wconf 90' lang='lat' dir='ltr'>turpis,</span> <span class='ocrx_word' id='word_1_31' title='bbox 806 1031 833 1092; x_wconf 91' lang='lat' dir='ltr'>si</span> <span class='ocrx_word' id='word_1_32' title='bbox 854 1052 968 1093; x_wconf 89' lang='lat' dir='ltr'>vocem</span> <span class='ocrx_word' id='word_1_33' title='bbox 989 1030 1113 1121; x_wconf 73' lang='lat' dir='ltr'>fingere</span> <span class='ocrx_word' id='word_1_34' title='bbox 1134 1030 1244 1113; x_wconf 90' lang='lat' dir='ltr'>liceat,</span> <span class='ocrx_word' id='word_1_35' title='bbox 1271 1029 1373 1093; x_wconf 89' lang='lat' dir='ltr'>nasel-</span> 
     </span>
     <span class='ocr_line' id='line_1_6' title="bbox 323 1126 1415 1214; baseline 0.001 -23"><span class='ocrx_word' id='word_1_36' title='bbox 323 1126 381 1192; x_wconf 87' lang='lat' dir='ltr'>lus.</span> <span class='ocrx_word' id='word_1_37' title='bbox 431 1129 633 1214; x_wconf 79' lang='lat' dir='ltr'>Quamquam</span> <span class='ocrx_word' id='word_1_38' title='bbox 658 1128 689 1192; x_wconf 95' lang='lat' dir='ltr'>h.</span> <span class='ocrx_word' id='word_1_39' title='bbox 717 1128 737 1191; x_wconf 92' lang='lat' dir='ltr'>l.</span> <span class='ocrx_word' id='word_1_40' title='bbox 764 1150 806 1191; x_wconf 91' lang='lat' dir='ltr'>ne</span> <span class='ocrx_word' id='word_1_41' title='bbox 835 1128 876 1191; x_wconf 85' lang='lat' dir='ltr'>de</span> <span class='ocrx_word' id='word_1_42' title='bbox 903 1129 1057 1192; x_wconf 90' lang='lat' dir='ltr'>adiectivi</span> <span class='ocrx_word' id='word_1_43' title='bbox 1085 1129 1215 1214; x_wconf 90' lang='lat' dir='ltr'>quidem</span> <span class='ocrx_word' id='word_1_44' title='bbox 1241 1130 1372 1192; x_wconf 91' lang='lat' dir='ltr'>notione</span> <span class='ocrx_word' id='word_1_45' title='bbox 1411 1192 1415 1198; x_wconf 81' lang='grc'>,</span> 
     </span>
     <span class='ocr_line' id='line_1_7' title="bbox 323 1227 1373 1313; baseline 0.001 -23"><span class='ocrx_word' id='word_1_46' title='bbox 323 1228 457 1291; x_wconf 91' lang='lat' dir='ltr'>multum</span> <span class='ocrx_word' id='word_1_47' title='bbox 484 1227 609 1292; x_wconf 81' lang='lat' dir='ltr'>detrahi</span> <span class='ocrx_word' id='word_1_48' title='bbox 634 1229 786 1313; x_wconf 70' lang='lat' dir='ltr'>putarim,</span> <span class='ocrx_word' id='word_1_49' title='bbox 817 1228 935 1291; x_wconf 80' lang='lat' dir='ltr'>etenim</span> <span class='ocrx_word' id='word_1_50' title='bbox 961 1228 1136 1292; x_wconf 89' lang='lat' dir='ltr'>formarum</span> <span class='ocrx_word' id='word_1_51' title='bbox 1164 1228 1373 1291; x_wconf 89' lang='lat' dir='ltr'>deminutiva-</span> 
     </span>
     <span class='ocr_line' id='line_1_8' title="bbox 324 1325 1372 1414; baseline 0.001 -26"><span class='ocrx_word' id='word_1_52' title='bbox 324 1349 395 1388; x_wconf 92' lang='lat' dir='ltr'>rum</span> <span class='ocrx_word' id='word_1_53' title='bbox 417 1348 512 1411; x_wconf 93' lang='lat' dir='ltr'>quam</span> <span class='ocrx_word' id='word_1_54' title='bbox 533 1348 645 1391; x_wconf 88' lang='lat' dir='ltr'>amans</span> <span class='ocrx_word' id='word_1_55' title='bbox 668 1329 707 1392; x_wconf 91' lang='lat' dir='ltr'>sit</span> <span class='ocrx_word' id='word_1_56' title='bbox 729 1325 887 1409; x_wconf 73' lang='lat' dir='ltr'>CatulluS,</span> <span class='ocrx_word' id='word_1_57' title='bbox 911 1349 949 1391; x_wconf 92' lang='lat' dir='ltr'>eo</span> <span class='ocrx_word' id='word_1_58' title='bbox 971 1327 1089 1414; x_wconf 90' lang='lat' dir='ltr'>elucet,</span> <span class='ocrx_word' id='word_1_59' title='bbox 1113 1327 1200 1413; x_wconf 92' lang='lat' dir='ltr'>quod</span> <span class='ocrx_word' id='word_1_60' title='bbox 1222 1328 1372 1412; x_wconf 84' lang='lat' dir='ltr'>sexagies</span> 
     </span>
     <span class='ocr_line' id='line_1_9' title="bbox 324 1424 1373 1513; baseline 0.002 -27"><span class='ocrx_word' id='word_1_61' title='bbox 324 1424 393 1487; x_wconf 85' lang='lat' dir='ltr'>fere</span> <span class='ocrx_word' id='word_1_62' title='bbox 414 1426 453 1489; x_wconf 93' lang='lat' dir='ltr'>iis</span> <span class='ocrx_word' id='word_1_63' title='bbox 474 1449 549 1489; x_wconf 89' lang='lat' dir='ltr'>usus</span> <span class='ocrx_word' id='word_1_64' title='bbox 572 1436 620 1490; x_wconf 89' lang='lat' dir='ltr'>est</span> <span class='ocrx_word' id='word_1_65' title='bbox 642 1425 743 1510; x_wconf 79' lang='lat' dir='ltr'>(locos</span> <span class='ocrx_word' id='word_1_66' title='bbox 766 1438 933 1491; x_wconf 86' lang='lat' dir='ltr'>enumerat</span> <span class='ocrx_word' id='word_1_67' title='bbox 950 1426 1101 1513; x_wconf 82' lang='lat' dir='ltr'>Spengel.</span> <span class='ocrx_word' id='word_1_68' title='bbox 1118 1450 1149 1512; x_wconf 72' lang='lat' dir='ltr'>p.</span> <span class='ocrx_word' id='word_1_69' title='bbox 1170 1426 1270 1510; x_wconf 81' lang='lat'>106.);</span> <span class='ocrx_word' id='word_1_70' title='bbox 1293 1447 1373 1512; x_wconf 89' lang='lat' dir='ltr'>quas</span> 
     </span>
     <span class='ocr_line' id='line_1_10' title="bbox 323 1524 1373 1610; baseline 0.002 -24"><span class='ocrx_word' id='word_1_71' title='bbox 323 1533 432 1587; x_wconf 91' lang='lat' dir='ltr'>tamen</span> <span class='ocrx_word' id='word_1_72' title='bbox 459 1547 555 1610; x_wconf 84' lang='lat' dir='ltr'>saepe</span> <span class='ocrx_word' id='word_1_73' title='bbox 582 1525 802 1589; x_wconf 89' lang='lat' dir='ltr'>tantummodo</span> <span class='ocrx_word' id='word_1_74' title='bbox 831 1528 935 1589; x_wconf 75' lang='lat' dir='ltr'>metri·</span> <span class='ocrx_word' id='word_1_75' title='bbox 952 1548 1066 1600; x_wconf 80' lang='lat' dir='ltr'>caussa</span> <span class='ocrx_word' id='word_1_76' title='bbox 1081 1548 1166 1589; x_wconf 82' lang='lat' dir='ltr'>eum</span> <span class='ocrx_word' id='word_1_77' title='bbox 1187 1524 1373 1589; x_wconf 86' lang='lat' dir='ltr'>adhibuisse</span> 
     </span>
     <span class='ocr_line' id='line_1_11' title="bbox 325 1624 1374 1710; baseline 0.001 -25"><span class='ocrx_word' id='word_1_78' title='bbox 325 1633 412 1692; x_wconf 84' lang='lat' dir='ltr'>recte</span> <span class='ocrx_word' id='word_1_79' title='bbox 433 1624 589 1689; x_wconf 88' lang='lat' dir='ltr'>iudicavit</span> <span class='ocrx_word' id='word_1_80' title='bbox 611 1625 801 1698; x_wconf 90' lang='lat' dir='ltr'>Leutsehius</span> <span class='ocrx_word' id='word_1_81' title='bbox 822 1624 935 1689; x_wconf 93' lang='lat' dir='ltr'>Philol.</span> <span class='ocrx_word' id='word_1_82' title='bbox 958 1625 1001 1687; x_wconf 88' lang='lat' dir='ltr'>X.</span> <span class='ocrx_word' id='word_1_83' title='bbox 1023 1648 1053 1710; x_wconf 90' lang='lat' dir='ltr'>p.</span> <span class='ocrx_word' id='word_1_84' title='bbox 1072 1625 1158 1707; x_wconf 76' lang='lat'>743,</span> <span class='ocrx_word' id='word_1_85' title='bbox 1181 1646 1374 1710; x_wconf 89' lang='lat' dir='ltr'>quamquam</span> 
     </span>
     <span class='ocr_line' id='line_1_12' title="bbox 326 1721 1426 1810; baseline 0.001 -26"><span class='ocrx_word' id='word_1_86' title='bbox 326 1721 495 1785; x_wconf 89' lang='lat' dir='ltr'>fatendum</span> <span class='ocrx_word' id='word_1_87' title='bbox 517 1723 706 1788; x_wconf 91' lang='lat' dir='ltr'>esthabere</span> <span class='ocrx_word' id='word_1_88' title='bbox 728 1723 913 1810; x_wconf 89' lang='lat' dir='ltr'>plerumque</span> <span class='ocrx_word' id='word_1_89' title='bbox 937 1723 1070 1809; x_wconf 91' lang='lat' dir='ltr'>aliquid,</span> <span class='ocrx_word' id='word_1_90' title='bbox 1098 1746 1161 1809; x_wconf 93' lang='lat' dir='ltr'>quo</span> <span class='ocrx_word' id='word_1_91' title='bbox 1183 1734 1237 1787; x_wconf 90' lang='lat' dir='ltr'>aut</span> <span class='ocrx_word' id='word_1_92' title='bbox 1258 1724 1373 1806; x_wconf 89' lang='lat' dir='ltr'>irrisio,</span> <span class='ocrx_word' id='word_1_93' title='bbox 1423 1795 1426 1800; x_wconf 23' lang='lat'>¹</span> 
     </span>
     <span class='ocr_line' id='line_1_13' title="bbox 325 1821 1374 1908; baseline 0.002 -25"><span class='ocrx_word' id='word_1_94' title='bbox 325 1832 379 1885; x_wconf 91' lang='lat' dir='ltr'>aut</span> <span class='ocrx_word' id='word_1_95' title='bbox 394 1821 565 1906; x_wconf 74' lang='lat' dir='ltr'>festivitaS,</span> <span class='ocrx_word' id='word_1_96' title='bbox 588 1834 642 1887; x_wconf 90' lang='lat' dir='ltr'>aut</span> <span class='ocrx_word' id='word_1_97' title='bbox 657 1823 834 1887; x_wconf 88' lang='lat' dir='ltr'>blanditiae</span> <span class='ocrx_word' id='word_1_98' title='bbox 852 1823 1030 1908; x_wconf 85' lang='lat' dir='ltr'>similiaque</span> <span class='ocrx_word' id='word_1_99' title='bbox 1048 1834 1235 1908; x_wconf 85' lang='lat' dir='ltr'>augeantur.</span> <span class='ocrx_word' id='word_1_100' title='bbox 1246 1821 1374 1906; x_wconf 65' lang='lat' dir='ltr'>uAtque</span> 
     </span>
     <span class='ocr_line' id='line_1_14' title="bbox 326 1920 1374 2008; baseline 0.001 -25"><span class='ocrx_word' id='word_1_101' title='bbox 326 1920 441 1984; x_wconf 89' lang='lat' dir='ltr'>eodem</span> <span class='ocrx_word' id='word_1_102' title='bbox 461 1922 557 1986; x_wconf 89' lang='lat' dir='ltr'>modo</span> <span class='ocrx_word' id='word_1_103' title='bbox 580 1922 770 2008; x_wconf 89' lang='lat' dir='ltr'>turpiculum</span> <span class='ocrx_word' id='word_1_104' title='bbox 791 1945 905 1986; x_wconf 89' lang='lat' dir='ltr'>nasum</span> <span class='ocrx_word' id='word_1_105' title='bbox 923 1923 982 2008; x_wconf 88' lang='lat' dir='ltr'>per</span> <span class='ocrx_word' id='word_1_106' title='bbox 999 1924 1161 2008; x_wconf 85' lang='lat' dir='ltr'>tapinosin</span> <span class='ocrx_word' id='word_1_107' title='bbox 1181 1945 1253 1986; x_wconf 91' lang='lat' dir='ltr'>cum</span> <span class='ocrx_word' id='word_1_108' title='bbox 1268 1922 1374 1985; x_wconf 88' lang='lat' dir='ltr'>ironia</span> 
     </span>
     <span class='ocr_line' id='line_1_15' title="bbox 326 2018 1374 2106; baseline 0.002 -24"><span class='ocrx_word' id='word_1_109' title='bbox 326 2018 445 2083; x_wconf 88' lang='lat' dir='ltr'>dietum</span> <span class='ocrx_word' id='word_1_110' title='bbox 479 2044 548 2084; x_wconf 88' lang='lat' dir='ltr'>esse</span> <span class='ocrx_word' id='word_1_111' title='bbox 581 2021 817 2105; x_wconf 84' lang='lat' dir='ltr'>contenderim,</span> <span class='ocrx_word' id='word_1_112' title='bbox 851 2044 934 2106; x_wconf 90' lang='lat' dir='ltr'>quae</span> <span class='ocrx_word' id='word_1_113' title='bbox 967 2021 1085 2085; x_wconf 89' lang='lat' dir='ltr'>deinde</span> <span class='ocrx_word' id='word_1_114' title='bbox 1113 2023 1201 2085; x_wconf 84' lang='lat' dir='ltr'>exitu</span> <span class='ocrx_word' id='word_1_115' title='bbox 1226 2024 1374 2105; x_wconf 86' lang='lat' dir='ltr'>inexspe-</span> 
     </span>
     <span class='ocr_line' id='line_1_16' title="bbox 327 2120 1375 2204; baseline 0.002 -23"><span class='ocrx_word' id='word_1_116' title='bbox 327 2127 413 2181; x_wconf 89' lang='lat' dir='ltr'>ctata</span> <span class='ocrx_word' id='word_1_117' title='bbox 440 2129 471 2183; x_wconf 92' lang='lat' dir='ltr'>et</span> <span class='ocrx_word' id='word_1_118' title='bbox 498 2130 610 2204; x_wconf 90' lang='lat' dir='ltr'>aperta</span> <span class='ocrx_word' id='word_1_119' title='bbox 637 2120 828 2204; x_wconf 88' lang='lat' dir='ltr'>gradatione</span> <span class='ocrx_word' id='word_1_120' title='bbox 855 2122 1033 2183; x_wconf 81' lang='lat' dir='ltr'>maximum</span> <span class='ocrx_word' id='word_1_121' title='bbox 1059 2123 1158 2184; x_wconf 89' lang='lat' dir='ltr'>risum</span> <span class='ocrx_word' id='word_1_122' title='bbox 1180 2123 1299 2184; x_wconf 87' lang='lat' dir='ltr'>excitet</span> <span class='ocrx_word' id='word_1_123' title='bbox 1320 2142 1375 2183; x_wconf 92' lang='lat' dir='ltr'>ne-</span> 
     </span>
     <span class='ocr_line' id='line_1_17' title="bbox 327 2218 1373 2305; baseline 0.002 -25"><span class='ocrx_word' id='word_1_124' title='bbox 327 2240 417 2281; x_wconf 91' lang='lat' dir='ltr'>ccsse</span> <span class='ocrx_word' id='word_1_125' title='bbox 435 2228 490 2281; x_wconf 88' lang='lat' dir='ltr'>est.</span> <span class='ocrx_word' id='word_1_126' title='bbox 508 2218 780 2303; x_wconf 70' lang='grc' dir='ltr'><strong><em>Ἀπροςδοκήτου</em></strong></span> <span class='ocrx_word' id='word_1_127' title='bbox 797 2218 930 2303; x_wconf 88' lang='lat' dir='ltr'>figurae,</span> <span class='ocrx_word' id='word_1_128' title='bbox 948 2241 1012 2304; x_wconf 91' lang='lat' dir='ltr'>qua</span> <span class='ocrx_word' id='word_1_129' title='bbox 1031 2229 1188 2305; x_wconf 90' lang='lat' dir='ltr'>concepta</span> <span class='ocrx_word' id='word_1_130' title='bbox 1205 2220 1373 2304; x_wconf 88' lang='lat' dir='ltr'>gravitatis</span> 
     </span>
     <span class='ocr_line' id='line_1_18' title="bbox 327 2316 1375 2403; baseline 0 -23"><span class='ocrx_word' id='word_1_131' title='bbox 327 2318 434 2402; x_wconf 89' lang='lat' dir='ltr'>opinio</span> <span class='ocrx_word' id='word_1_132' title='bbox 457 2316 562 2381; x_wconf 91' lang='lat' dir='ltr'>subito</span> <span class='ocrx_word' id='word_1_133' title='bbox 586 2317 784 2399; x_wconf 85' lang='lat' dir='ltr'>destruatur,</span> <span class='ocrx_word' id='word_1_134' title='bbox 812 2319 1104 2403; x_wconf 87' lang='lat' dir='ltr'>epigrammatistae</span> <span class='ocrx_word' id='word_1_135' title='bbox 1125 2320 1246 2403; x_wconf 89' lang='lat' dir='ltr'>passim</span> <span class='ocrx_word' id='word_1_136' title='bbox 1268 2340 1375 2380; x_wconf 90' lang='lat' dir='ltr'>aman-</span> 
     </span>
    </p>
   </div>
   <div class='ocr_carea' id='block_1_3' title="bbox 326 2415 1373 2702">
    <p class='ocr_par' dir='ltr' id='par_1_3' title="bbox 326 2415 1373 2702">
     <span class='ocr_line' id='line_1_19' title="bbox 326 2415 1373 2501; baseline 0 -22"><span class='ocrx_word' id='word_1_137' title='bbox 326 2426 374 2479; x_wconf 88' lang='lat' dir='ltr'>tes</span> <span class='ocrx_word' id='word_1_138' title='bbox 391 2426 478 2499; x_wconf 76' lang='lat' dir='ltr'>sunt,</span> <span class='ocrx_word' id='word_1_139' title='bbox 496 2416 536 2479; x_wconf 90' lang='lat' dir='ltr'>cf.</span> <span class='ocrx_word' id='word_1_140' title='bbox 555 2415 667 2480; x_wconf 80' lang='lat' dir='ltr'>Catull.</span> <span class='ocrx_word' id='word_1_141' title='bbox 685 2417 808 2501; x_wconf 86' lang='lat' dir='ltr'>XXVI,</span> <span class='ocrx_word' id='word_1_142' title='bbox 824 2417 931 2500; x_wconf 88' lang='lat' dir='ltr'>XLII,</span> <span class='ocrx_word' id='word_1_143' title='bbox 947 2418 1134 2500; x_wconf 90' lang='lat' dir='ltr'>LXXXIV,</span> <span class='ocrx_word' id='word_1_144' title='bbox 1150 2417 1373 2500; x_wconf 89' lang='lat' dir='ltr'>LXXXVIII,</span> 
     </span>
     <span class='ocr_line' id='line_1_20' title="bbox 326 2514 1373 2602; baseline 0.003 -25"><span class='ocrx_word' id='word_1_145' title='bbox 326 2515 391 2599; x_wconf 90' lang='lat' dir='ltr'>XI,</span> <span class='ocrx_word' id='word_1_146' title='bbox 415 2514 455 2578; x_wconf 91' lang='lat' dir='ltr'>de</span> <span class='ocrx_word' id='word_1_147' title='bbox 474 2527 539 2600; x_wconf 78' lang='lat' dir='ltr'>&#39;quo</span> <span class='ocrx_word' id='word_1_148' title='bbox 557 2540 587 2580; x_wconf 92' lang='lat' dir='ltr'>v.</span> <span class='ocrx_word' id='word_1_149' title='bbox 604 2516 723 2579; x_wconf 84' lang='lat' dir='ltr'>Naehii</span> <span class='ocrx_word' id='word_1_150' title='bbox 741 2515 860 2602; x_wconf 90' lang='lat' dir='ltr'>Opusc.</span> <span class='ocrx_word' id='word_1_151' title='bbox 877 2515 959 2580; x_wconf 89' lang='lat' dir='ltr'>Phil.</span> <span class='ocrx_word' id='word_1_152' title='bbox 976 2516 1006 2599; x_wconf 96' lang='lat' dir='ltr'>I,</span> <span class='ocrx_word' id='word_1_153' title='bbox 1024 2540 1054 2602; x_wconf 90' lang='lat' dir='ltr'>p.</span> <span class='ocrx_word' id='word_1_154' title='bbox 1073 2517 1142 2580; x_wconf 84' lang='lat'>104.</span> <span class='ocrx_word' id='word_1_155' title='bbox 1164 2515 1284 2600; x_wconf 82' lang='lat' dir='ltr'>(Index</span> <span class='ocrx_word' id='word_1_156' title='bbox 1298 2515 1373 2580; x_wconf 87' lang='lat' dir='ltr'>lect.</span> 
     </span>
     <span class='ocr_line' id='line_1_21' title="bbox 327 2614 1373 2702; baseline 0.001 -25"><span class='ocrx_word' id='word_1_157' title='bbox 327 2625 408 2678; x_wconf 88' lang='lat' dir='ltr'>auct.</span> <span class='ocrx_word' id='word_1_158' title='bbox 432 2614 521 2678; x_wconf 84' lang='grc'><strong>1828.</strong></span> <span class='ocrx_word' id='word_1_159' title='bbox 542 2638 573 2700; x_wconf 89' lang='lat' dir='ltr'>p.</span> <span class='ocrx_word' id='word_1_160' title='bbox 593 2615 686 2700; x_wconf 81' lang='lat' dir='ltr'>HL),</span> <span class='ocrx_word' id='word_1_161' title='bbox 708 2616 829 2702; x_wconf 88' lang='lat' dir='ltr'>Haupt.</span> <span class='ocrx_word' id='word_1_162' title='bbox 852 2615 931 2680; x_wconf 91' lang='lat' dir='ltr'>Obs.</span> <span class='ocrx_word' id='word_1_163' title='bbox 953 2615 1032 2680; x_wconf 80' lang='lat' dir='ltr'>Orit.</span> <span class='ocrx_word' id='word_1_164' title='bbox 1052 2639 1083 2702; x_wconf 89' lang='lat' dir='ltr'>p.</span> <span class='ocrx_word' id='word_1_165' title='bbox 1105 2615 1156 2679; x_wconf 92' lang='grc'>24.</span> <span class='ocrx_word' id='word_1_166' title='bbox 1195 2614 1250 2679; x_wconf 85' lang='lat' dir='ltr'>Ad</span> <span class='ocrx_word' id='word_1_167' title='bbox 1269 2616 1373 2700; x_wconf 89' lang='lat' dir='ltr'>ipsam</span> 
     </span>
    </p>
   </div>
   <div class='ocr_carea' id='block_1_4' title="bbox 326 2712 1497 2801">
    <p class='ocr_par' dir='ltr' id='par_1_4' title="bbox 326 2712 1497 2801">
     <span class='ocr_line' id='line_1_22' title="bbox 326 2712 1497 2801; baseline 0 -25"><span class='ocrx_word' id='word_1_168' title='bbox 326 2712 519 2777; x_wconf 88' lang='lat' dir='ltr'>locutionem</span> <span class='ocrx_word' id='word_1_169' title='bbox 546 2738 643 2778; x_wconf 81' lang='lat' dir='ltr'>ausas</span> <span class='ocrx_word' id='word_1_170' title='bbox 671 2716 804 2778; x_wconf 79' lang='lat' dir='ltr'>emineas</span> <span class='ocrx_word' id='word_1_171' title='bbox 833 2715 920 2801; x_wconf 92' lang='lat' dir='ltr'>quod</span> <span class='ocrx_word' id='word_1_172' title='bbox 949 2717 1069 2799; x_wconf 90' lang='lat' dir='ltr'>attinet,</span> <span class='ocrx_word' id='word_1_173' title='bbox 1098 2716 1214 2800; x_wconf 85' lang='lat' dir='ltr'>legitur</span> <span class='ocrx_word' id='word_1_174' title='bbox 1242 2714 1373 2778; x_wconf 83' lang='lat' dir='ltr'>Sueton.</span> <span class='ocrx_word' id='word_1_175' title='bbox 1494 2741 1497 2746; x_wconf 93' lang='lat'><em>·</em></span> 
     </span>
    </p>
   </div>
   <div class='ocr_carea' id='block_1_5' title="bbox 265 2806 1376 3393">
    <p class='ocr_par' dir='ltr' id='par_1_5' title="bbox 265 2806 1376 3393">
     <span class='ocr_line' id='line_1_23' title="bbox 265 2806 1375 2899; baseline -0.001 -23"><span class='ocrx_word' id='word_1_176' title='bbox 265 2806 267 2811; x_wconf 42' lang='lat'><strong>¹</strong></span> <span class='ocrx_word' id='word_1_177' title='bbox 326 2811 410 2897; x_wconf 83' lang='lat' dir='ltr'>Aug.</span> <span class='ocrx_word' id='word_1_178' title='bbox 436 2814 499 2895; x_wconf 74' lang='lat'>79,</span> <span class='ocrx_word' id='word_1_179' title='bbox 521 2814 602 2878; x_wconf 86' lang='lat' dir='ltr'>Plin.</span> <span class='ocrx_word' id='word_1_180' title='bbox 624 2815 698 2879; x_wconf 90' lang='lat' dir='ltr'>Nat.</span> <span class='ocrx_word' id='word_1_181' title='bbox 721 2816 804 2880; x_wconf 91' lang='lat' dir='ltr'>Hist.</span> <span class='ocrx_word' id='word_1_182' title='bbox 827 2815 891 2899; x_wconf 88' lang='lat' dir='ltr'>XI,</span> <span class='ocrx_word' id='word_1_183' title='bbox 915 2817 963 2899; x_wconf 79' lang='lat'>37,</span> <span class='ocrx_word' id='word_1_184' title='bbox 986 2815 1036 2879; x_wconf 84' lang='grc'>59.</span> <span class='ocrx_word' id='word_1_185' title='bbox 1060 2813 1170 2897; x_wconf 63' lang='grc'><strong>(158),</strong></span> <span class='ocrx_word' id='word_1_186' title='bbox 1193 2824 1298 2898; x_wconf 89' lang='lat' dir='ltr'>atque,</span> <span class='ocrx_word' id='word_1_187' title='bbox 1320 2813 1375 2898; x_wconf 91' lang='lat' dir='ltr'>qui</span> 
     </span>
     <span class='ocr_line' id='line_1_24' title="bbox 326 2911 1373 2996; baseline 0.002 -21"><span class='ocrx_word' id='word_1_188' title='bbox 326 2911 415 2976; x_wconf 90' lang='lat' dir='ltr'>loeus</span> <span class='ocrx_word' id='word_1_189' title='bbox 437 2915 551 2977; x_wconf 92' lang='lat' dir='ltr'>summi</span> <span class='ocrx_word' id='word_1_190' title='bbox 572 2913 666 2979; x_wconf 90' lang='lat' dir='ltr'>nobis</span> <span class='ocrx_word' id='word_1_191' title='bbox 687 2916 842 2978; x_wconf 91' lang='lat' dir='ltr'>momenti</span> <span class='ocrx_word' id='word_1_192' title='bbox 865 2925 925 2996; x_wconf 90' lang='lat' dir='ltr'>est,</span> <span class='ocrx_word' id='word_1_193' title='bbox 952 2914 1125 2977; x_wconf 90' lang='lat' dir='ltr'>Burmann.</span> <span class='ocrx_word' id='word_1_194' title='bbox 1148 2912 1279 2976; x_wconf 86' lang='lat' dir='ltr'>Anthol.</span> <span class='ocrx_word' id='word_1_195' title='bbox 1301 2912 1373 2977; x_wconf 90' lang='lat' dir='ltr'>Lat.</span> 
     </span>
     <span class='ocr_line' id='line_1_25' title="bbox 326 3010 1374 3098; baseline -0.001 -24"><span class='ocrx_word' id='word_1_196' title='bbox 326 3011 373 3095; x_wconf 91' lang='lat' dir='ltr'>H,</span> <span class='ocrx_word' id='word_1_197' title='bbox 387 3036 418 3097; x_wconf 95' lang='lat' dir='ltr'>p.</span> <span class='ocrx_word' id='word_1_198' title='bbox 434 3013 505 3076; x_wconf 77' lang='lat'>490.</span> <span class='ocrx_word' id='word_1_199' title='bbox 530 3012 651 3098; x_wconf 79' lang='lat' dir='ltr'>(Priap.</span> <span class='ocrx_word' id='word_1_200' title='bbox 667 3013 748 3096; x_wconf 92' lang='lat' dir='ltr'>XII,</span> <span class='ocrx_word' id='word_1_201' title='bbox 766 3013 830 3096; x_wconf 76' lang='lat'>14.)</span> <span class='ocrx_word' id='word_1_202' title='bbox 837 3062 845 3095; x_wconf 94' lang='lat'>,</span> <span class='ocrx_word' id='word_1_203' title='bbox 868 3011 925 3076; x_wconf 91' lang='lat' dir='ltr'>ubi</span> <span class='ocrx_word' id='word_1_204' title='bbox 945 3013 980 3074; x_wconf 93' lang='lat' dir='ltr'>in</span> <span class='ocrx_word' id='word_1_205' title='bbox 1000 3012 1065 3075; x_wconf 91' lang='lat' dir='ltr'>fine</span> <span class='ocrx_word' id='word_1_206' title='bbox 1088 3014 1239 3075; x_wconf 90' lang='lat' dir='ltr'>carminis</span> <span class='ocrx_word' id='word_1_207' title='bbox 1260 3010 1374 3074; x_wconf 92' lang='lat' dir='ltr'>eadem</span> 
     </span>
     <span class='ocr_line' id='line_1_26' title="bbox 326 3109 1376 3195; baseline -0.001 -22"><span class='ocrx_word' id='word_1_208' title='bbox 326 3109 429 3173; x_wconf 86' lang='lat' dir='ltr'>verba</span> <span class='ocrx_word' id='word_1_209' title='bbox 451 3110 565 3173; x_wconf 89' lang='lat' dir='ltr'>eodem</span> <span class='ocrx_word' id='word_1_210' title='bbox 587 3111 720 3173; x_wconf 88' lang='lat' dir='ltr'>consilio</span> <span class='ocrx_word' id='word_1_211' title='bbox 742 3112 862 3194; x_wconf 90' lang='lat' dir='ltr'>scripta</span> <span class='ocrx_word' id='word_1_212' title='bbox 882 3110 1041 3193; x_wconf 89' lang='lat' dir='ltr'>leguntur.</span> <span class='ocrx_word' id='word_1_213' title='bbox 1085 3109 1293 3195; x_wconf 79' lang='lat' dir='ltr'>Quantopere</span> <span class='ocrx_word' id='word_1_214' title='bbox 1321 3131 1376 3173; x_wconf 89' lang='lat' dir='ltr'>au-</span> 
     </span>
     <span class='ocr_line' id='line_1_27' title="bbox 326 3207 1374 3294; baseline 0 -23"><span class='ocrx_word' id='word_1_215' title='bbox 326 3219 392 3272; x_wconf 89' lang='lat' dir='ltr'>tom</span> <span class='ocrx_word' id='word_1_216' title='bbox 410 3208 587 3271; x_wconf 91' lang='lat' dir='ltr'>carminum</span> <span class='ocrx_word' id='word_1_217' title='bbox 600 3208 822 3293; x_wconf 90' lang='lat' dir='ltr'>Priapeiorum</span> <span class='ocrx_word' id='word_1_218' title='bbox 839 3209 1012 3293; x_wconf 89' lang='lat' dir='ltr'>scriptores</span> <span class='ocrx_word' id='word_1_219' title='bbox 1030 3230 1047 3270; x_wconf 90' lang='lat' dir='ltr'>e</span> <span class='ocrx_word' id='word_1_220' title='bbox 1063 3208 1187 3273; x_wconf 81' lang='lat' dir='ltr'>Catullo</span> <span class='ocrx_word' id='word_1_221' title='bbox 1202 3207 1374 3294; x_wconf 83' lang='lat' dir='ltr'>pendeant,</span> 
     </span>
     <span class='ocr_line' id='line_1_28' title="bbox 327 3307 1375 3393; baseline 0.001 -22"><span class='ocrx_word' id='word_1_222' title='bbox 327 3317 439 3371; x_wconf 84' lang='lat' dir='ltr'>notum</span> <span class='ocrx_word' id='word_1_223' title='bbox 471 3317 531 3389; x_wconf 71' lang='lat' dir='ltr'>cst,</span> <span class='ocrx_word' id='word_1_224' title='bbox 566 3308 654 3371; x_wconf 87' lang='lat' dir='ltr'>ouius</span> <span class='ocrx_word' id='word_1_225' title='bbox 689 3315 834 3393; x_wconf 90' lang='lat' dir='ltr'>apertam</span> <span class='ocrx_word' id='word_1_226' title='bbox 868 3308 1079 3372; x_wconf 88' lang='lat' dir='ltr'>imitationem</span> <span class='ocrx_word' id='word_1_227' title='bbox 1106 3307 1375 3393; x_wconf 89' lang='lat' dir='ltr'>deprehendimus</span> 
     </span>
    </p>
   </div>
   <div class='ocr_carea' id='block_1_6' title="bbox 326 3405 1383 4088">
    <p class='ocr_par' dir='ltr' id='par_1_6' title="bbox 326 3405 1383 4088">
     <span class='ocr_line' id='line_1_29' title="bbox 328 3405 1374 3492; baseline 0.001 -22"><span class='ocrx_word' id='word_1_228' title='bbox 328 3429 426 3471; x_wconf 88' lang='lat' dir='ltr'>earm.</span> <span class='ocrx_word' id='word_1_229' title='bbox 454 3405 547 3490; x_wconf 89' lang='lat' dir='ltr'>LIII,</span> <span class='ocrx_word' id='word_1_230' title='bbox 577 3407 628 3470; x_wconf 83' lang='grc'>12.</span> <span class='ocrx_word' id='word_1_231' title='bbox 654 3405 700 3492; x_wconf 84' lang='lat' dir='ltr'>(p.</span> <span class='ocrx_word' id='word_1_232' title='bbox 723 3407 794 3471; x_wconf 88' lang='grc'><strong>526.</strong></span> <span class='ocrx_word' id='word_1_233' title='bbox 816 3407 1007 3492; x_wconf 85' lang='lat' dir='ltr'>Burmann.)</span> <span class='ocrx_word' id='word_1_234' title='bbox 1035 3407 1085 3474; x_wconf 90' lang='lat' dir='ltr'>cll.</span> <span class='ocrx_word' id='word_1_235' title='bbox 1114 3408 1227 3472; x_wconf 79' lang='lat' dir='ltr'>Catull.</span> <span class='ocrx_word' id='word_1_236' title='bbox 1250 3408 1288 3492; x_wconf 91' lang='lat' dir='ltr'>V,</span> <span class='ocrx_word' id='word_1_237' title='bbox 1316 3408 1374 3491; x_wconf 88' lang='lat'>13,</span> 
     </span>
     <span class='ocr_line' id='line_1_30' title="bbox 327 3506 1374 3593; baseline -0.002 -22"><span class='ocrx_word' id='word_1_238' title='bbox 327 3528 423 3592; x_wconf 91' lang='lat' dir='ltr'>porro</span> <span class='ocrx_word' id='word_1_239' title='bbox 452 3528 548 3569; x_wconf 83' lang='lat' dir='ltr'>carm.</span> <span class='ocrx_word' id='word_1_240' title='bbox 576 3506 684 3590; x_wconf 90' lang='lat' dir='ltr'>LXV,</span> <span class='ocrx_word' id='word_1_241' title='bbox 714 3507 742 3571; x_wconf 91' lang='lat'>1.</span> <span class='ocrx_word' id='word_1_242' title='bbox 771 3506 820 3593; x_wconf 85' lang='lat' dir='ltr'>(p.</span> <span class='ocrx_word' id='word_1_243' title='bbox 849 3507 941 3592; x_wconf 84' lang='lat'>534.)</span> <span class='ocrx_word' id='word_1_244' title='bbox 971 3508 1033 3572; x_wconf 82' lang='lat' dir='ltr'>cll·</span> <span class='ocrx_word' id='word_1_245' title='bbox 1050 3508 1165 3573; x_wconf 82' lang='lat' dir='ltr'>Catull.</span> <span class='ocrx_word' id='word_1_246' title='bbox 1194 3508 1306 3589; x_wconf 90' lang='lat' dir='ltr'>XXV,</span> <span class='ocrx_word' id='word_1_247' title='bbox 1328 3507 1374 3589; x_wconf 86' lang='lat'>2.;</span> 
     </span>
     <span class='ocr_line' id='line_1_31' title="bbox 329 3606 1375 3693; baseline 0.001 -24"><span class='ocrx_word' id='word_1_248' title='bbox 329 3608 407 3693; x_wconf 93' lang='lat' dir='ltr'>quin</span> <span class='ocrx_word' id='word_1_249' title='bbox 434 3606 531 3669; x_wconf 89' lang='lat' dir='ltr'>etiam</span> <span class='ocrx_word' id='word_1_250' title='bbox 557 3606 711 3669; x_wconf 90' lang='lat' dir='ltr'>nonnulla</span> <span class='ocrx_word' id='word_1_251' title='bbox 737 3608 893 3691; x_wconf 90' lang='lat' dir='ltr'>carmina,</span> <span class='ocrx_word' id='word_1_252' title='bbox 922 3630 1004 3693; x_wconf 91' lang='lat' dir='ltr'>quae</span> <span class='ocrx_word' id='word_1_253' title='bbox 1032 3606 1130 3690; x_wconf 89' lang='lat' dir='ltr'>vulgo</span> <span class='ocrx_word' id='word_1_254' title='bbox 1156 3608 1191 3669; x_wconf 94' lang='lat' dir='ltr'>in</span> <span class='ocrx_word' id='word_1_255' title='bbox 1217 3606 1375 3690; x_wconf 89' lang='lat' dir='ltr'>Priapeiis</span> 
     </span>
     <span class='ocr_line' id='line_1_32' title="bbox 326 3704 1374 3790; baseline 0 -21"><span class='ocrx_word' id='word_1_256' title='bbox 326 3706 489 3790; x_wconf 85' lang='lat' dir='ltr'>leguntur,</span> <span class='ocrx_word' id='word_1_257' title='bbox 523 3704 643 3789; x_wconf 89' lang='lat' dir='ltr'>aliquot</span> <span class='ocrx_word' id='word_1_258' title='bbox 672 3704 811 3768; x_wconf 89' lang='lat' dir='ltr'>editores</span> <span class='ocrx_word' id='word_1_259' title='bbox 839 3705 963 3770; x_wconf 80' lang='lat' dir='ltr'>Catullo</span> <span class='ocrx_word' id='word_1_260' title='bbox 991 3704 1150 3787; x_wconf 75' lang='lat' dir='ltr'>trIbuunt,</span> <span class='ocrx_word' id='word_1_261' title='bbox 1182 3713 1216 3767; x_wconf 90' lang='lat' dir='ltr'>ut</span> <span class='ocrx_word' id='word_1_262' title='bbox 1244 3726 1374 3789; x_wconf 85' lang='lat' dir='ltr'>carmm.</span> 
     </span>
     <span class='ocr_line' id='line_1_33' title="bbox 329 3802 1376 3869; baseline 0.002 -4"><span class='ocrx_word' id='word_1_263' title='bbox 329 3803 754 3869; x_wconf 86' lang='lat' dir='ltr'>LXXXIV—LXXXVII.</span> <span class='ocrx_word' id='word_1_264' title='bbox 783 3804 928 3867; x_wconf 88' lang='lat' dir='ltr'>Muretus</span> <span class='ocrx_word' id='word_1_265' title='bbox 956 3812 988 3867; x_wconf 91' lang='lat' dir='ltr'>et</span> <span class='ocrx_word' id='word_1_266' title='bbox 1013 3804 1185 3867; x_wconf 90' lang='lat' dir='ltr'>Victorius.</span> <span class='ocrx_word' id='word_1_267' title='bbox 1230 3802 1296 3867; x_wconf 87' lang='lat' dir='ltr'>Sed</span> <span class='ocrx_word' id='word_1_268' title='bbox 1322 3803 1376 3867; x_wconf 96' lang='lat' dir='ltr'>ho-</span> 
     </span>
     <span class='ocr_line' id='line_1_34' title="bbox 329 3901 1376 3989; baseline 0.004 -25"><span class='ocrx_word' id='word_1_269' title='bbox 329 3924 400 3964; x_wconf 91' lang='lat' dir='ltr'>rum</span> <span class='ocrx_word' id='word_1_270' title='bbox 415 3901 540 3966; x_wconf 92' lang='lat' dir='ltr'>lusuum</span> <span class='ocrx_word' id='word_1_271' title='bbox 555 3914 712 3987; x_wconf 88' lang='lat' dir='ltr'>auctores,</span> <span class='ocrx_word' id='word_1_272' title='bbox 731 3904 913 3988; x_wconf 91' lang='lat' dir='ltr'>quicunque</span> <span class='ocrx_word' id='word_1_273' title='bbox 931 3902 1056 3986; x_wconf 86' lang='lat' dir='ltr'>fuerint,</span> <span class='ocrx_word' id='word_1_274' title='bbox 1074 3904 1158 3967; x_wconf 89' lang='lat' dir='ltr'>inter</span> <span class='ocrx_word' id='word_1_275' title='bbox 1174 3904 1287 3989; x_wconf 92' lang='lat' dir='ltr'>optimi</span> <span class='ocrx_word' id='word_1_276' title='bbox 1302 3904 1376 3968; x_wconf 87' lang='lat' dir='ltr'>aevi</span> 
     </span>
     <span class='ocr_line' id='line_1_35' title="bbox 330 4000 1383 4088; baseline 0.006 -26"><span class='ocrx_word' id='word_1_277' title='bbox 330 4009 443 4085; x_wconf 88' lang='lat' dir='ltr'>poetas</span> <span class='ocrx_word' id='word_1_278' title='bbox 465 4022 535 4065; x_wconf 88' lang='lat' dir='ltr'>esse</span> <span class='ocrx_word' id='word_1_279' title='bbox 556 4002 774 4067; x_wconf 86' lang='lat' dir='ltr'>recensendos</span> <span class='ocrx_word' id='word_1_280' title='bbox 797 4011 828 4066; x_wconf 92' lang='lat' dir='ltr'>et</span> <span class='ocrx_word' id='word_1_281' title='bbox 851 4000 1006 4086; x_wconf 90' lang='lat' dir='ltr'>dictione,</span> <span class='ocrx_word' id='word_1_282' title='bbox 1036 4024 1118 4088; x_wconf 88' lang='lat' dir='ltr'>quae</span> <span class='ocrx_word' id='word_1_283' title='bbox 1139 4025 1293 4088; x_wconf 85' lang='lat' dir='ltr'>germane</span> <span class='ocrx_word' id='word_1_284' title='bbox 1314 4003 1383 4068; x_wconf 85' lang='lat' dir='ltr'>La·-</span> 
     </span>
    </p>
   </div>
   <div class='ocr_carea' id='block_1_7' title="bbox 330 4096 1375 4189">
    <p class='ocr_par' dir='ltr' id='par_1_7' title="bbox 330 4096 1375 4189">
     <span class='ocr_line' id='line_1_36' title="bbox 330 4096 1375 4189; baseline 0.003 -25"><span class='ocrx_word' id='word_1_285' title='bbox 330 4100 399 4164; x_wconf 86' lang='lat' dir='ltr'>tina</span> <span class='ocrx_word' id='word_1_286' title='bbox 421 4096 474 4184; x_wconf 88' lang='lat' dir='ltr'>sit,</span> <span class='ocrx_word' id='word_1_287' title='bbox 498 4102 674 4188; x_wconf 84' lang='lat' dir='ltr'>excellere,</span> <span class='ocrx_word' id='word_1_288' title='bbox 691 4104 836 4169; x_wconf 86' lang='lat' dir='ltr'>virorum</span> <span class='ocrx_word' id='word_1_289' title='bbox 858 4100 1025 4168; x_wconf 80' lang='lat' dir='ltr'>doctorum</span> <span class='ocrx_word' id='word_1_290' title='bbox 1046 4104 1233 4189; x_wconf 82' lang='lat' dir='ltr'>suffragium</span> <span class='ocrx_word' id='word_1_291' title='bbox 1255 4115 1311 4189; x_wconf 91' lang='lat' dir='ltr'>est,</span> <span class='ocrx_word' id='word_1_292' title='bbox 1334 4103 1375 4167; x_wconf 88' lang='lat' dir='ltr'>do</span> 
     </span>
    </p>
   </div>
   <div class='ocr_carea' id='block_1_8' title="bbox 0 0 1707 4959">
    <p class='ocr_par' dir='ltr' id='par_1_8' title="bbox 0 0 1707 4959">
     <span class='ocr_line' id='line_1_37' title="bbox 0 0 1707 4959; baseline 0 0"><span class='ocrx_word' id='word_1_293' title='bbox 0 0 1707 4959; x_wconf 95' lang='lat' dir='ltr'> </span> 
     </span>
    </p>
   </div>
  </div>
 </body>
</html>
