3392 4959
308 752 472 816 tellectum
493 750 653 837 quendam
676 749 774 815 celari
797 751 1051 816 obscoeniorem.
1098 750 1153 815 Ad
1174 772 1270 838 quam
1292 753 1357 840 opi-

308 853 439 914 nionem
465 849 705 936 infringendam
732 872 928 937 quamquam
948 850 1088 916 habeam
1109 850 1246 915 fortasse
1267 873 1354 916 nova

308 950 483 1037 quaedam,
516 960 625 1014 tamen
656 972 723 1013 non
754 949 834 1014 libet
860 953 895 1014 in
921 972 957 1014 re
982 959 1051 1015 tam
1077 948 1210 1014 sordida
1238 950 1358 1015 diutius

308 1051 516 1133 commorari,
549 1047 613 1112 hoc
642 1048 762 1132 dicam,
796 1058 924 1113 veteres
950 1048 1052 1112 falsae
1078 1048 1243 1134 religionis
1271 1059 1357 1114 tene

309 1148 375 1213 bris
397 1158 588 1214 occaecatos
609 1147 710 1212 multa
731 1169 823 1232 sane,
851 1146 939 1233 quod
967 1147 1141 1211 dolendum
1168 1152 1229 1232 est,
1257 1149 1357 1235 impu-

228 1264 231 1268 ’
307 1248 381 1312 dice
403 1249 585 1334 scripsisse,
613 1268 807 1334 quamquam
827 1238 919 1311 multi
940 1248 1157 1311 recentiorum
1176 1270 1218 1311 ne
1239 1249 1273 1311 in
1294 1247 1358 1312 hoo

309 1347 440 1433 quidem
471 1368 592 1431 genere
624 1346 719 1411 facile
745 1345 889 1433 palmam
912 1347 952 1411 iis
980 1346 1211 1430 concesserint3
1244 1356 1278 1410 at
1303 1346 1357 1412 vel

309 1467 362 1529 ea,
377 1437 474 1532 'quae
501 1454 591 1511 casta
617 1456 703 1529 sunt,
730 1446 765 1509 in
792 1468 922 1509 sensum
944 1443 1142 1510 obscoenum
1163 1444 1356 1532 detorquere

308 1544 566 1631 interpretando,
593 1543 656 1610 hoo
681 1567 759 1610 vero
781 1542 873 1608 nefas
894 1544 1024 1609 videtur
1043 1544 1241 1631 pudendum.
1289 1544 1357 1609 Sed
1420 1554 1423 1559 '

308 1654 343 1708 ut
365 1643 409 1707 ad
429 1645 629 1730 propositum
649 1651 803 1728 revertar,
827 1642 905 1709 dicit
927 1643 1128 1730 Spengelius,
1150 1665 1289 1729 quocum
1308 1644 1354 1707 fa

310 1744 353 1806 cit
375 1742 531 1828 Silligius,
558 1744 628 1806 iure
650 1742 779 1829 quidem
801 1742 970 1829 explosum
991 1764 1063 1806 esse
1083 1742 1279 1833 Politianum
1302 1764 1356 1805 ne

308 1864 370 1928 que
397 1844 431 1905 in
458 1840 522 1925 his,
551 1863 633 1927 quae
658 1864 746 1905 nunc
773 1840 936 1927 legantur,
966 1840 1129 1906 obscoena
1154 1841 1274 1925 inesse,
1303 1863 1357 1905 ve·
1441 1921 1448 1932 „

306 1950 487 2005 rumtamcn
510 1940 672 2027 quondam
693 1940 841 2026 infuisse,
863 1940 1002 2027 ideoque
1025 1962 1156 2005 carmen
1176 1963 1263 2006 nunc
1285 1962 1356 2005 osse

306 2039 459 2104 lacerum.
501 2040 553 2104 Ac
578 2041 701 2126 primus
724 2038 855 2126 quidem
875 2039 1019 2105 locorum
1039 2039 1210 2124 Martialis,
1239 2039 1356 2127 quibus

307 2138 342 2201 id
358 2140 509 2204 evincere
525 2138 603 2222 vult,
625 2138 743 2223 legitur
756 2138 787 2221 I,
803 2139 878 2222 110,
895 2139 922 2203 1.
939 2138 983 2223 (I,
1001 2138 1070 2202 109.
1087 2138 1355 2223 Schneidewin.):

308 2237 382 2301 Isso
402 2250 447 2299 est
463 2259 594 2321 passere
613 2238 742 2320 nequior
763 2234 889 2301 Catelli.
933 2236 1006 2315 Quo
1034 2238 1177 2299 carmine
1203 2236 1357 2323 perlecto,

307 2338 366 2401 vix
388 2335 488 2400 oculis
511 2335 650 2399 confisus
672 2357 743 2399 sum
763 2335 858 2418 meis3
884 2344 1008 2399 tantum
1030 2336 1115 2398 enim
1137 2333 1239 2418 abest,
1260 2345 1295 2399 ut
1317 2357 1356 2399 eo

195 2510 197 2514 ¹
307 2457 460 2500 versuum
482 2433 737 2499 Catullianorum
759 2433 963 2498 obscoenitas
985 2431 1226 2519 comprobetur,
1255 2442 1290 2497 ut
1311 2434 1358 2523 ni-

307 2533 353 2597 hil
375 2535 493 2598 certius
514 2533 653 2598 inveniri
673 2555 770 2620 posse
790 2542 915 2620 putem,
945 2554 1007 2619 quo
1036 2553 1147 2597 corum
1173 2531 1358 2597 vindicetur

309 2633 449 2698 castitas.
461 2633 487 2720 ¹)
529 2634 615 2698 Nam
635 2632 724 2697 Issae
745 2633 900 2719 pmitate,
927 2631 1066 2718 pudore,
1093 2630 1251 2719 pudicitia
1276 2632 1357 2697 nihil

307 2717 412 2818 magis
444 2754 465 2796 a
495 2742 593 2819 poeta
625 2732 881 2815 commendatur,
914 2732 1071 2819 imprimis
1102 2755 1134 2796 v.
1170 2732 1218 2796 15.
1250 2732 1356 2797 hisce:

307 2832 436 2919 Ipaorot
459 2833 609 2898 Venerem.
646 2832 761 2918 Itaque
783 2841 931 2918 apertum
953 2842 1013 2915 est,
1035 2832 1164 2915 nequior
1183 2854 1215 2895 v.
1239 2831 1267 2894 1.
1290 2852 1357 2894 non

308 2954 379 2997 esse
407 2932 443 2996 id
469 2932 557 3018 quod
582 2932 731 3014 saloer'or,
765 2931 975 3012 lebidrbosrbr,
1008 2929 1067 2994 sed
1094 2930 1181 3016 quod
1208 2931 1356 3014 ememor,

307 3033 469 3113 lascivior,
492 3054 588 3096 sensu
609 3030 710 3114 bon03
739 3032 786 3094 sic
806 3030 860 3095 vel
882 3031 960 3114 agni
982 3027 1133 3093 dicuntur
1153 3028 1303 3093 lascivire
1325 3039 1357 3093 et

307 3130 430 3217 probae
461 3131 662 3215 pudicaeque
693 3128 820 3214 puellae
851 3137 984 3214 propter
1016 3125 1230 3190 exsultantem
1257 3148 1355 3211 quan·

309 3230 385 3292 dam
421 3229 520 3291 animi
556 3226 705 3290 iuvenilis
736 3226 933 3290 hilaritatem
963 3233 1050 3289 recte
1081 3224 1224 3290 lascivae
1257 3246 1356 3311 saepe

308 3326 520 3414 appellantia.
554 3324 604 3389 Of.
626 3326 716 3411 Virg.
738 3324 808 3389 Ecl.
831 3324 897 3409 III,
919 3323 986 3388 64:

458 3424 545 3489 Molo
565 3448 612 3488 me
634 3423 768 3490 Galatea
784 3425 876 3511 petit,
899 3425 1017 3489 luseiw
1034 3424 1157 3509 puello,

457 3525 501 3589 Er
511 3526 602 3612 sapit
623 3524 668 3589 ed
687 3527 811 3607 salices,
834 3537 915 3601 etse
936 3525 1021 3610 eupit
1041 3536 1111 3597 ante
1130 3523 1240 3588 videri.

307 3626 379 3691 Iam
399 3624 476 3689 inde
498 3624 658 3710 quomodo
681 3635 869 3711 oppugnata
884 3624 1025 3711 passeris
1040 3624 1143 3688 nostri
1161 3622 1355 3687 existimatio

392 3893 418 3957 1)
446 3893 560 3943 Gavisus
584 3907 642 3941 sum
663 3890 774 3941 eandem
797 3891 956 3941 sententiam
976 3888 1108 3955 prolatam
1127 3887 1219 3939 ridere
1241 3905 1258 3939 a
1277 3889 1356 3940 Leut

310 3973 383 4023 schic
401 3977 431 4024 in
442 3974 540 4026 Philol.
559 3975 600 4025 sui
617 3975 653 4037 X,
671 3991 697 4041 p.
711 3975 781 4036 736„
798 3973 846 4023 ubi
863 3972 896 4023 de
915 3973 1039 4022 carminis
1056 3973 1229 4037 praestantia,
1247 3971 1280 4023 de
1299 3974 1357 4023 eius

286 4110 289 4116 ,
311 4057 508 4121 compositione,
525 4057 558 4107 de
571 4059 718 4109 imitatione
731 4056 903 4118 Graecorum,
920 4054 953 4107 de
970 4056 1074 4106 ratione
1090 4056 1201 4105 metrica
1217 4055 1355 4122 praeclara

310 4139 440 4206 quaedam
454 4137 631 4205 disputantur.
830 4130 833 4136 ’
