3392 4959
829 521 871 593 ll

751 609 951 628 Ῥ-ῇ--Ὶ

411 735 500 816 Quid
522 734 644 800 multa?
682 735 790 801 Locus
811 734 956 800 nondum
976 736 1139 801 restitutus
1161 746 1222 821 est,
1243 737 1376 802 laudan*

327 834 423 922 dique
439 836 666 899 Lachmannus
683 846 715 899 et
730 834 956 918 Rossbachius,
979 836 1034 920 qui
1051 834 1200 900 codicum
1216 837 1373 901 lectiones

326 959 422 1000 sensu
449 956 557 999 cassas
584 932 739 997 exhibere
767 956 864 1020 quam
889 933 1056 1018 hariolari,
1084 957 1147 1020 quo
1168 936 1249 999 nihil
1269 939 1375 1022 magis
1406 951 1410 958 '

325 1034 425 1099 valuit
439 1032 482 1097 ad
496 1043 599 1097 artem
613 1033 759 1097 criticam
772 1033 1002 1118 infamandam,
1017 1033 1195 1099 maluerint.
1218 1035 1291 1114 Quo
1313 1037 1372 1099 cri-

324 1137 410 1197 mine
424 1155 476 1196 me
487 1132 623 1197 liberum
634 1132 704 1197 sore
719 1155 821 1219 spero,
833 1156 964 1198 versum
979 1135 1026 1197 sio
1040 1133 1246 1199 scribendum
1256 1158 1374 1221 propo

325 1234 455 1297 siturus:
482 1231 618 1297 Scelesta
631 1232 750 1317 inepte!
772 1232 857 1309 Quae
872 1234 930 1296 tibi
941 1244 1043 1296 manet
1055 1230 1141 1297 uita?
1159 1235 1181 1297 i.
1194 1255 1221 1297 e.
1238 1233 1374 1299 scelesta

326 1327 361 1396 cs
384 1355 457 1396 cum
477 1343 531 1397 tuo
553 1334 652 1418 ipsius
676 1331 881 1415 detrimento,
903 1343 938 1396 ut
960 1342 1093 1397 eventus
1114 1330 1175 1397 tibi
1193 1334 1256 1419 ipsi
1272 1333 1374 1398 malus

326 1433 376 1495 sit.
408 1432 494 1495 Nam
509 1453 591 1517 quae
606 1430 666 1494 tibi
680 1432 748 1494 vita
762 1431 895 1495 manet?
921 1430 1025 1495 Nemo
1040 1440 1072 1495 te
1087 1432 1152 1494 iam
1167 1431 1271 1496 adibit
1284 1455 1373 1497 mox-

326 1553 388 1615 que
403 1530 444 1594 ab
462 1529 609 1594 omnibus
625 1528 752 1593 deserta
767 1529 896 1594 duritiei
909 1538 984 1594 tuae
998 1551 1121 1616 poenas
1137 1528 1231 1595 dabis
1247 1531 1318 1613 dra,
1337 1532 1372 1595 in
1411 1537 1416 1548 '

326 1651 390 1715 quo
405 1631 476 1715 quis
491 1630 620 1713 ignorat
635 1628 781 1694 dicacem
796 1629 933 1693 ironiam
948 1628 1124 1716 quandam,
1145 1652 1242 1715 quam
1255 1652 1314 1716 per
1328 1640 1373 1693 to·

325 1740 393 1793 tum
408 1750 538 1792 carmen
554 1730 717 1812 sentimusr,
736 1731 872 1793 mixtam
886 1729 974 1793 illam
989 1728 1116 1812 doloris,
1134 1728 1373 1812 blanditiarum,

327 1830 460 1911 amoris,
482 1838 595 1913 gratae
615 1830 803 1911 memoriae,
825 1827 1012 1913 superbiae,
1035 1838 1244 1911 contemptus,
1267 1828 1374 1920 qualia

324 1928 500 1989 amantium
522 1948 593 1988 esse
614 1926 729 2008 solent,
751 1926 851 1989 variis
873 1924 1065 1989 affectibus?
1096 1925 1224 1988 Eadem
1245 1927 1372 1988 ratione

326 2024 517 2089 adverbium
549 2046 622 2087 cum
654 2023 815 2087 adiectivo
845 2024 1052 2087 coniunctum
1078 2046 1177 2110 supra
1202 2024 1373 2089 habuimus

324 2124 385 2208 VI,
414 2124 457 2187 L:
484 2122 690 2208 nequidquam
716 2124 855 2205 tacitum,
889 2122 930 2187 cf.
952 2123 1067 2187 Horat.
1095 2122 1157 2187 Od.
1184 2123 1215 2207 I,
1243 2124 1277 2207 9,
1303 2124 1372 2187 aa:

325 2224 404 2287 male
423 2224 595 2308 pertinaci,
625 2233 671 2307 et,
698 2245 740 2286 ne
766 2222 861 2309 plura
889 2224 1082 2308 conquirens
1103 2224 1138 2286 in
1164 2234 1275 2287 nostro
1302 2224 1373 2309 ipso

325 2322 486 2387 vocabulo
514 2324 700 2406 consistam,
728 2320 811 2386 Gell.
838 2323 933 2387 Noct.
961 2321 1028 2386 An.
1055 2322 1153 2406 XIII,
1180 2324 1246 2387 30.:
1273 2322 1373 2385 Homo

324 2424 424 2507 inepte
442 2423 612 2509 pluriorem,
639 2421 684 2486 id.
707 2422 835 2505 XVIII,
858 2422 903 2486 5.:
925 2423 1034 2485 inscite
1054 2423 1212 2506 inmotaque
1234 2435 1372 2509 arputua

325 2521 495 2604 Originem
517 2519 717 2606 corruptelae
740 2522 787 2584 sic
808 2520 950 2605 explico:
971 2520 1012 2583 In
1034 2519 1230 2603 elisionibus,
1251 2543 1314 2606 qua
1334 2541 1370 2594 re

323 2618 423 2682 multa
444 2629 596 2703 corrupta
618 2630 698 2701 sunt,
720 2640 786 2682 non
808 2617 911 2682 solum
931 2618 1170 2702 pronuntiando
1192 2618 1250 2681 sed
1272 2620 1369 2681 etiam

324 2715 497 2783 scribendo
523 2725 650 2802 tempus
671 2715 731 2779 fuit
757 2738 822 2801 quo
848 2716 955 2780 littera
982 2714 1133 2779 elidenda
1159 2718 1371 2799 omitteretur,

323 2818 359 2881 id
392 2840 490 2903 quum
520 2825 630 2879 nostro
664 2837 792 2900 quoque
824 2814 897 2878 loco
928 2814 1050 2878 factum
1082 2826 1166 2880 esset
1196 2825 1373 2901 posteaque

323 2918 430 2981 littera
451 2914 482 2978 A
503 2913 763 3000 suppleretur,.I
776 2913 885 2977 littera
906 2912 1036 2977 excidit.
1075 2913 1225 2978 Ceterum
1247 2913 1289 2976 de
1310 2915 1372 2976 sin-

324 3015 407 3101 gulis
428 3014 542 3078 litteris
564 3036 585 3077 a
605 3012 745 3077 librariis
767 3034 864 3098 saepe
886 3022 943 3076 aut
965 3013 1090 3076 omissis
1112 3023 1167 3077 aut
1188 3011 1308 3076 additis
1330 3012 1371 3076 cf.

324 3117 489 3180 Heraeum
514 3137 547 3200 p.
568 3113 620 3177 45.
643 3119 714 3199 sqq'.
756 3111 797 3176 In
821 3111 946 3197 reliqua
973 3121 1083 3175 autem
1106 3110 1260 3176 vocabuli
1280 3121 1373 3197 parte

323 3238 438 3280 verum
468 3214 573 3298 magis
604 3213 812 3299 perspicuum
838 3220 887 3275 est
912 3212 948 3274 in
973 3210 1113 3275 lectione
1138 3234 1194 3274 nec
1220 3223 1248 3274 te
1275 3232 1374 3296 quam

323 3338 361 3376 ne
383 3326 424 3394 te3
452 3323 597 3375 cautem
618 3322 690 3395 etp
714 3333 813 3396 quum
834 3310 905 3375 aliis
927 3309 1006 3374 locis
1029 3312 1114 3375 inter
1136 3333 1170 3375 se
1191 3319 1373 3397 permutata

325 3414 403 3493 siut,
430 3421 465 3473 ut
484 3409 571 3491 LIV,
595 3408 624 3472 5.
648 3409 851 3472 Lachmanni
871 3409 914 3472 D.
936 3409 975 3473 L.
997 3409 1121 3474 habent
1146 3410 1265 3473 seniore
1285 3421 1372 3493 copto

323 3532 382 3597 pro
404 3508 474 3572 seni
490 3520 619 3591 recocto,
646 3507 766 3589 LXIV,
788 3508 875 3590 211,
903 3520 1033 3571 erectum
1058 3508 1213 3572 Laurent.
1242 3518 1275 3572 et
1300 3509 1372 3571 Ric-

324 3608 510 3691 cardianm,
532 3619 679 3691 crepitum,
701 3606 743 3669 D.
766 3606 805 3669 L.
826 3627 900 3692 pro:
922 3606 1133 3671 Erechtheum.
1171 3608 1297 3692 LXVI,
1319 3606 1370 3671 25.

323 3695 444 3792 erectae,
475 3708 515 3772 L.
542 3706 618 3789 LX,
646 3705 676 3769 5.
709 3718 877 3784 contentam
903 3705 945 3769 D.
977 3720 1141 3771 corrtectam
1167 3707 1264 3770 Laur.
1295 3725 1370 3789 pro:

324 3821 531 3895 contemptam.
573 3806 750 3890 LXXVII,
772 3807 801 3871 3.
828 3806 964 3870 arbacen·
980 3806 1023 3870 D.
1045 3806 1084 3870 L.
1106 3829 1180 3892 pro:
1208 3803 1371 3892 mahumeti.

324 3910 445 3993 LXIV,
460 3908 510 3972 28.
533 3907 649 3970 nocane
670 3907 708 3970 L.
731 3928 806 3993 pro:
829 3906 1013 3990 Neptuniae,
1035 3914 1104 3969 tum
1122 3908 1157 3968 in
1173 3916 1281 3969 nostro
1299 3904 1372 3989 ipso

326 4010 467 4071 carmine
488 4004 633 4088 eiusdem
652 4005 771 4070 radicis
786 4027 867 4071 voce
882 4030 913 4070 v.
922 4006 949 4068 1.
961 4005 1200 4069 Laurentianus
1214 4003 1314 4068 habet
1328 4003 1373 4067 in-

326 4106 416 4170 ectire
429 4129 502 4190 pro:
517 4106 658 4189 ineptire.
