3392 4959
825 532 866 607 ³⁵
905 598 909 607 ι

325 753 398 817 loeo
421 743 667 817 convenientem
688 754 884 817 sententiam
907 752 971 815 iam
993 751 1100 816 inesse
1115 744 1156 815 “in
1177 751 1272 817 codd.
1294 749 1369 819 mss.

324 852 457 916 verbis?
501 851 567 916 Sed
582 861 687 916 restat
708 853 854 937 gravius,
881 848 959 914 illud
980 851 1038 935 r'be‘,
1066 850 1152 937 quod
1177 874 1237 937 pro
1260 866 1322 916 tam
1344 855 1371 918 si

324 951 453 1015 dicatur
483 973 545 1015 nec
577 952 618 1016 sit
650 952 809 1015 sententia
835 948 997 1036 generalis
1023 949 1077 1014 vel
1103 972 1257 1036 praesens
1284 951 1372 1038 quod

324 1049 434 1115 dicunt
454 1049 649 1134 historicum,
672 1071 744 1114 cum
763 1059 908 1136 tempore
925 1051 1089 1137 praesenti
1104 1071 1163 1135 pro
1180 1060 1296 1115 natura
1313 1074 1371 1116 sua

324 1151 477 1235 coniungi
492 1171 588 1236 posse
603 1170 698 1234 nego.
732 1149 816 1213 Nam
837 1171 936 1235 quum
956 1149 1004 1213 m·
1022 1150 1062 1213 sit
1082 1148 1117 1212 id
1138 1149 1225 1236 quod
1245 1173 1279 1213 eo
1301 1164 1372 1215 tem-

316 1246 397 1334 porc
433 1250 455 1312 i.
488 1269 516 1312 e.
550 1260 682 1334 tempore
702 1261 814 1312 remoto
847 1250 916 1313 sive
947 1250 1122 1336 praeterito
1154 1250 1223 1313 sive
1256 1249 1372 1334 futuro,

324 1369 480 1433 praesens
500 1346 586 1411 nullo
607 1358 702 1432 pacto
723 1347 894 1412 ferendum
911 1358 967 1432 est,
989 1346 1088 1434 idque
1105 1347 1262 1434 exempla,
1286 1348 1375 1435 quod

325 1447 434 1528 sciam,
457 1446 565 1511 omnia
587 1446 785 1512 confirmant
811 1446 866 1511 An
885 1459 987 1511 cremet
1007 1446 1203 1532 (πέπρωται,
1222 1455 1374 1532 εἵμαρται

284 1538 286 1543 ⁴
324 1566 355 1632 p.
384 1544 430 1630 9.)
462 1556 594 1632 recepte
618 1546 754 1632 Hauptii
786 1548 944 1612 sententia
974 1547 1115 1612 futurum
1146 1557 1272 1632 tempus
1301 1547 1371 1611 est‘?

323 1643 424 1724 Quod
443 1644 512 1709 vult
532 1644 669 1709 fortasse
688 1643 786 1708 melin
801 1667 1067 1731 sassequeremur
1081 1646 1219 1710 litteram
1235 1669 1256 1730 q
1272 1655 1375 1710 trans-

324 1753 491 1829 ponentes,
509 1744 570 1808 sic:
587 1742 731 1826 Scelesta,
745 1767 824 1829 quoe
838 1757 867 1808 te
881 1748 951 1827 (vae
965 1744 1051 1824 neit)
1066 1758 1169 1808 menet
1181 1743 1265 1808 cita!
1287 1745 1376 1809 Turn

324 1841 405 1907 nihil
425 1843 581 1930 reliquum
603 1853 687 1907 esset
707 1842 841 1928 insoliti,
864 1864 1057 1930 quamquam
1078 1843 1157 1909 illud
1177 1844 1262 1908 nolo.

407 1943 478 2007 Iam
500 1951 533 2006 ut
553 1941 598 2005 ad
618 1941 742 2028 reliqua
762 1964 951 2028 pergamus,
972 1965 1038 2007 non
1058 1944 1163 2028 magis
1183 1942 1292 2029 placet
1315 1942 1374 2007 Sil·

324 2041 394 2126 ligii
416 2043 611 2106 coniectura.
652 2041 783 2106 Etenim
804 2043 932 2106 scelesta
957 2064 1023 2105 non
1044 2065 1103 2128 per
1123 2043 1230 2106 iocum
1252 2041 1373 2107 dictum

325 2151 387 2222 est,
410 2147 443 2203 ut
465 2138 580 2204 Catuli.
601 2140 671 2223 LV,
694 2141 759 2205 10.:
779 2142 932 2225 pessimae
953 2141 1007 2206 vel
1027 2140 1190 2225 XXXVI,
1212 2141 1257 2204 9.:
1273 2143 1376 2225 pessi-

324 2262 390 2322 mo,
425 2237 484 2302 sed
510 2259 583 2302 curn
608 2260 688 2302 vera
714 2239 822 2324 aliqua
849 2249 936 2305 certe
961 2238 1186 2324 indignatione
1218 2238 1274 2324 (ef.
1303 2236 1375 2324 XV,

324 2336 402 2422 m).
446 2335 530 2401 Cum
554 2335 617 2401 hae
643 2346 750 2401 autem
776 2336 861 2401 male
886 2339 1027 2402 concinit
1047 2341 1186 2402 familiare
1206 2336 1301 2422 illud,
1328 2341 1377 2403 uti

324 2435 394 2501 vult
415 2435 565 2522 Silligius,
588 2435 656 2520 ede,
678 2457 774 2522 porro
796 2435 885 2500 edere
905 2436 937 2501 h.
956 2436 976 2500 l.
999 2459 1065 2501 non
1087 2447 1197 2523 aptum
1219 2439 1376 2523 est'quia

325 2535 388 2599 hoc
414 2534 516 2600 verbo
543 2546 610 2600 tum
635 2537 767 2619 utimur,
795 2558 893 2622 quum
914 2534 956 2600 ab
979 2536 1042 2601 alio
1064 2558 1180 2601 revera
1202 2535 1243 2600 de
1266 2536 1374 2623 aliqua

325 2654 361 2696 re
388 2632 519 2698 edoceri
545 2633 704 2719 volumus,
731 2634 833 2699 veluti
860 2635 901 2699 de
923 2646 1062 2721 secreto,
1089 2645 1124 2701 ut
1145 2645 1194 2700 est
1214 2636 1282 2720 LV,
1307 2637 1374 2701 15.:

325 2733 389 2795 Dic
408 2734 496 2797 nobie
517 2733 574 2797 chi
590 2735 635 2798 me
646 2735 796 2822 seturna,
824 2733 879 2799 ede
899 2735 1071 2819 Audacter,
1100 2737 1261 2817 committe,
1289 2736 1378 2800 crede

326 2831 413 2895 lucei.
460 2833 610 2919 Denique
640 2855 699 2920 pro
725 2847 827 2898 caract
853 2843 922 2898 tum
948 2847 1070 2899 maneat
1102 2845 1373 2922 exspectaremus.

326 2930 411 3002 Nam
437 2930 533 2997 edere
559 2934 724 3020 quamsit
751 2932 839 3019 quod
867 2935 993 3020 aperire
1020 2945 1255 3021 usurpeturque
1278 2934 1378 2998 dere

274 3073 277 3079 ·
326 3030 463 3115 incerta,
490 3053 625 3096 necesse
651 3041 700 3096 est
725 3042 875 3117 sequatur
896 3034 1134 3115 coniunctivus3
1161 3035 1376 3117 nequeenim

325 3127 362 3192 id
388 3138 438 3193 est
463 3128 550 3214 quod
577 3129 762 3193 describere
789 3128 842 3193 vel
868 3129 1028 3212 indicare,
1056 3129 1144 3213 quod
1166 3129 1209 3193 ad
1231 3152 1300 3193 rem
1322 3131 1376 3194 ali-

326 3246 425 3311 quam
452 3225 631 3309 definitam,
660 3224 743 3313 quae
768 3247 885 3291 revera
911 3229 976 3291 iam
1003 3237 1065 3312 est,
1093 3228 1228 3292 relatum
1255 3229 1377 3292 indica-

326 3325 393 3388 tivo
419 3325 576 3409 iungitur,
607 3334 644 3389 ut
669 3325 732 3410 VI,
760 3326 809 3389 15.
816 3375 825 3410 ,
860 3327 976 3409 Quare,
1008 3326 1163 3412 quidquid
1186 3328 1279 3392 habea
1304 3329 1379 3393 boni

324 3424 473 3509 malique,
496 3423 547 3488 dic
566 3424 662 3508 mbas,
685 3423 743 3489 ubi
763 3424 867 3490 verba
890 3426 1030 3512 virgulis·
1044 3427 1169 3492 inclusa
1191 3426 1311 3493 obiecti
1332 3430 1379 3492 in-

326 3533 395 3586 star
416 3533 503 3607 sunt,
528 3545 602 3610 pro:
626 3524 783 3611 quidquid
804 3524 839 3588 id
862 3535 925 3611 est,
954 3526 1041 3612 quod
1061 3526 1177 3611 habes,
1200 3529 1308 3592 omnia
1330 3549 1379 3612 en,

326 3645 410 3710 quae
431 3622 541 3686 habes.
586 3620 708 3687 Contra
729 3634 839 3689 nostro
861 3625 933 3690 loeo
963 3648 1060 3712 quum
1081 3629 1190 3692 omnia
1211 3626 1255 3690 ad
1276 3627 1378 3712 ipsius

324 3722 451 3808 'puellae
477 3721 651 3786 referenda
677 3723 740 3786 sint
766 3725 966 3810 opinionem,
999 3746 1133 3789 neeesse
1165 3725 1278 3788 fuisset
1305 3734 1380 3809 post

325 3821 381 3884 ede
402 3822 644 3887 coniunctivum
663 3822 751 3907 poni.
793 3822 889 3887 Idem
918 3845 1034 3889 censeo
1058 3823 1099 3887 de
1122 3823 1281 3909 Scaligeri
1301 3843 1378 3906 rere,

328 3916 429 4002 (quod
461 3931 603 3986 ceterum
629 3942 671 3984 ne
700 3929 749 3985 est
776 3921 908 4008 quidem
924 3922 970 3985 ·id
997 3921 1083 4009 quod
1109 3936 1232 4009 reputa,
1265 3933 1300 3988 ut
1325 3923 1378 3988 ille

326 4016 408 4100 vult,
437 4018 495 4082 sed
520 4020 556 4084 id
581 4018 669 4105 quod
686 4035 767 4107 pete
786 4020 925 4108 ideoque
948 4043 968 4085 a
988 4031 1100 4099 nostro
1122 4022 1193 4088 loeo
1216 4023 1378 4109 alienum)

328 4126 361 4181 et
382 4116 423 4181 de
444 4116 561 4203 Heysii
581 4143 679 4185 coece.
772 4199 779 4206 ι

1144 4222 1181 4273 3*
