3392 4959
779 472 1028 600 ,a

353 733 457 798 tabat:
495 732 570 797 Gom
594 733 712 798 Gabios
733 734 839 797 Malea
860 756 933 797 aves
959 730 1092 796 ostendat
1112 755 1184 796 arce
1204 746 1312 797 acates
1331 730 1399 797 vel:

352 857 420 896 cam
442 832 548 897 devias
568 856 654 896 mare
675 834 765 896 alateo
786 832 918 897 ostendit
938 833 1125 895 obnataateo.
1157 832 1310 918 Spurium
1331 853 1400 896 ver-

353 955 423 995 sum
439 932 620 996 iudicarunt
636 932 802 1017 Doering.,
819 930 940 1015 Hand,
956 930 1165 1016 Stromberg„
1189 931 1275 1016 quod
1291 953 1400 1018 quam-

352 1054 449 1117 quam
473 1030 646 1094 verisimile
663 1042 753 1117 putat
770 1031 1017 1115 Schwenckius,
1042 1040 1151 1095 tamen
1174 1030 1242 1094 eius
1263 1032 1311 1093 rei
1332 1030 1401 1093 ido

351 1151 429 1193 neas
445 1150 575 1194 caussas
591 1130 704 1195 deesse
718 1140 806 1195 recte
821 1130 948 1195 fatetur.
973 1130 1048 1216 Ipse
1064 1130 1208 1194 coniicit:
1233 1127 1310 1192 &aaa
1325 1128 1400 1193 dira

351 1230 436 1292 mala
458 1251 518 1313 per
544 1230 634 1293 alites
660 1228 791 1293 ostendit
817 1231 993 1312 oscitantes,
1019 1239 1109 1294 recte
1135 1251 1290 1315 respuens
1312 1227 1400 1316 quod
1461 1294 1463 1297 ,

351 1327 555 1392 Froehnerus
590 1330 757 1415 proposuit
789 1330 823 1391 in
855 1327 1023 1393 Welckeri
1055 1339 1088 1392 et
1118 1327 1286 1393 Ritscbelii
1316 1329 1398 1394 Mus.

350 1426 460 1491 Rhen..
476 1427 574 1509 XIII,
599 1428 626 1490 1.
648 1450 680 1513 p.
705 1427 790 1491 lta:
819 1427 956 1492 Lasciva
976 1429 1088 1491 mulier
1107 1441 1142 1491 at
1161 1440 1249 1491 natea
1269 1427 1401 1492 ostendit

352 1526 525 1588 oscitantes.
562 1525 663 1611 Sillig.
685 1526 748 1611 Ep.
771 1526 850 1591 Orit.
872 1549 904 1613 p.
929 1528 978 1591 70.
1000 1526 1197 1613 probaverat
1217 1527 1335 1591 Mureti
1355 1526 1398 1589 le

351 1624 503 1707 ctionem3
537 1625 572 1687 in
599 1624 741 1689 editione
767 1648 798 1711 p.
826 1626 898 1690 228.
926 1625 994 1691 vult
1020 1637 1129 1691 tamen
1154 1648 1230 1713 pro:
1262 1628 1400 1708 „motast‘

349 1724 508 1807 „malier“‚
523 1722 610 1810 quod
623 1723 783 1810 bisyllabe
798 1724 1071 1811 pronuntiandum
1086 1728 1136 1789 sit.
1169 1725 1398 1789 Lachmannus

352 1824 502 1887 coniecit:
549 1822 625 1887 Cam
647 1823 721 1887 droa
741 1826 936 1888 munerarios
957 1824 1088 1888 ostendit
1108 1825 1285 1906 oscitantes,
1309 1824 1397 1907 quod

350 1923 504 1984 asterisco
526 1923 715 2005 insignitum
735 1925 859 2007 recepit
874 1922 1099 2005 Rossbachius,
1120 1920 1224 1986 verba
1246 1930 1398 2005 corrupta

351 2041 421 2082 esse
442 2019 557 2084 fassus.
594 2019 644 2083 Ac
665 2032 752 2083 recte
773 2022 838 2083 iarn
855 2019 957 2105 Sillig.
975 2020 1069 2099 Gens.
1087 2042 1118 2106 p.
1135 2019 1207 2084 295.
1230 2018 1274 2082 ad
1296 2019 1397 2099 Quin·

350 2117 469 2183 ctilian.
490 2118 585 2203 VIII,
608 2120 641 2203 3,
665 2120 715 2184 34.
737 2121 929 2206 provocavit
952 2120 1162 2183 munerarium
1183 2118 1226 2183 ab
1247 2118 1397 2204 Augusto

349 2219 488 2303 primum
510 2219 632 2283 dictum
654 2241 724 2283 esse
745 2229 925 2285 testantem.
968 2219 1130 2305 Hauptius
1153 2220 1294 2305 scripsit:
1325 2216 1402 2282 Cum

350 2316 426 2381 dioc
456 2320 654 2383 mulierarius
685 2318 816 2383 ostendit
847 2320 1023 2403 oscitantem
1063 2318 1213 2405 idemque
1245 2318 1399 2403 Heysius‚

350 2419 413 2481 nisi
434 2418 521 2504 quod
540 2440 614 2505 pro:
638 2418 712 2483 deba
731 2419 830 2483 habet
852 2422 936 2485 lana.
965 2420 1058 2482 Haeo
1076 2419 1175 2503 igitur
1192 2417 1235 2480 ad
1251 2416 1336 2480 hunc
1350 2438 1400 2481 us·

350 2538 412 2601 que
430 2516 516 2579 diem
534 2520 684 2602 provenit
700 2520 957 2583 coniecturarum
971 2540 1079 2602 seges,
1101 2538 1180 2602 quas
1196 2516 1339 2601 singulas
1354 2537 1402 2579 re·

349 2614 453 2678 futare
467 2636 529 2677 nec
543 2615 717 2679 iucundum
732 2627 779 2681 est
793 2638 898 2701 neque
913 2616 1139 2678 necessarium.
1174 2614 1295 2678 Omnes
1311 2616 1399 2677 enim

350 2714 396 2777 ita
421 2722 628 2798 comparatae
654 2724 740 2797 sunt,
766 2724 831 2779 tam
857 2715 967 2777 nescio
989 2735 1051 2799 quo
1071 2723 1167 2799 pacto
1188 2713 1345 2777 obscurae
1367 2723 1401 2777 et

350 2811 533 2895 abstrusae,
558 2823 593 2877 ut
612 2814 646 2875 in
665 2814 705 2877 iis
725 2814 830 2899 magis
847 2813 1025 2877 litterarum
1040 2814 1149 2897 apices
1165 2812 1355 2897 ductusque,
1380 2833 1401 2874 a

352 2908 467 2996 quibus
488 2919 597 2975 tamen
617 2911 761 2976 nonnulli
782 2913 860 2976 satis
877 2910 1030 2976 audacter
1045 2911 1399 2992 recesserunt‚sectati

352 3031 436 3093 esse,
464 3032 560 3096 quam
587 3010 664 3096 quid
688 3012 788 3098 ipsius
809 3010 873 3075 loci
893 3031 998 3074 nexus
1019 3031 1059 3074 ao
1081 3010 1240 3073 sententia
1260 3006 1402 3094 postula-

350 3119 409 3193 ret,
431 3107 655 3175 considerasse
678 3112 780 3176 critici
800 3110 986 3193 videantur3
1009 3130 1092 3195 quae
1107 3107 1216 3194 qualia
1233 3099 1296 3172 sint
1312 3107 1400 3192 agite

351 3210 547 3294 reputemus!
592 3209 725 3274 Thallus
752 3211 895 3296 quinque
921 3209 1033 3295 primis
1055 3206 1202 3272 versibus
1228 3207 1325 3271 homo
1348 3206 1402 3269 de·
1486 3209 1492 3216 '

351 3308 496 3391 pingitur
516 3309 551 3369 in
571 3310 759 3371 universum
775 3308 977 3372 mollissimus
994 3307 1143 3392 idemque
1162 3306 1401 3393 rapacissimus.

352 3403 491 3482 Quando
519 3426 618 3468 curve
640 3426 746 3490 quave
766 3407 891 3469 ratione
912 3406 1016 3470 mollis
1038 3407 1092 3489 sit,
1118 3404 1214 3469 facile
1235 3403 1315 3468 illud
1336 3403 1402 3491 qui-

352 3502 427 3565 dem
447 3501 542 3565 nobis
565 3502 724 3586 divinam,
751 3526 817 3568 non
839 3504 930 3568 addit
951 3516 1062 3589 poeta,
1085 3504 1144 3568 sed
1164 3504 1305 3569 hominis
1326 3501 1402 3566 mol-

351 3601 452 3666 litiem
478 3624 509 3666 v.
534 3602 624 3667 1-3.
651 3603 750 3666 variis
776 3602 973 3688 imaginibus
996 3602 1150 3668 describit
1169 3600 1400 3669 tantummodo.

353 3702 424 3782 Quo
447 3700 524 3787 quid
545 3703 657 3788 magis
672 3712 931 3787 consentaneum,
954 3725 1052 3789 quam
1073 3713 1107 3767 ut
1128 3702 1314 3789 rapacitatis
1331 3702 1402 3765 eius

352 3800 467 3865 eadem
493 3804 575 3867 ratio
603 3824 674 3866 csso
696 3802 913 3867 existimanda
934 3803 998 3868 sit?
1042 3802 1148 3882 Quam
1170 3804 1198 3866 si
1218 3823 1281 3866 uno
1303 3800 1401 3864 versi-

354 3899 426 3964 culo
453 3911 566 3987 quarto
593 3900 783 3987 indicasset,
812 3902 978 3968 mollitiem
1000 3912 1114 3966 contra
1135 3910 1289 3966 acervata
1310 3900 1402 3985 quasi

354 3999 526 4064 verborum
559 4002 653 4085 copia
679 4014 878 4087 persecutus,
912 4012 997 4068 esset
1023 4022 1115 4083 sane,
1149 4022 1207 4064 our
1232 3998 1401 4084 neglectae

352 4098 591 4182 aequabilitatis
612 4110 742 4184 poetam
763 4123 1002 4182 accusaremus3
1032 4098 1119 4185 quod
1139 4098 1401 4165 inconcinnitatis
